1882 3216
99 205 154 260 ter
378 199 427 248 ue
444 197 598 248 osrrons.

94 345 302 403 excitavemnt:
324 351 417 400 temen
431 341 571 400 interdurn
585 357 693 410 vereor,
715 359 754 400 ne
774 344 895 417 quibus·

97 423 160 481 darn
181 422 262 479 bonis
284 421 352 478 viris
372 420 561 498 philosophiae
583 439 687 478 nornen
702 423 740 478 sit
753 423 893 492 invisum,

98 501 299 572 mirenturque,
314 499 344 556 in
363 518 396 556 ea
406 509 514 557 tantum
538 517 583 556 me
603 517 695 574 operae
710 509 739 557 et
752 504 894 578 temporis

99 597 214 656 ponere.
255 577 320 654 Ego
332 588 424 636 autem
439 597 522 650 quarn
535 577 583 635 diu
593 596 639 634 res
650 578 764 654 publiea
775 599 830 656 per
841 599 893 639 eos

98 655 271 734 gerebatur&
299 658 400 729 quibus
425 675 456 714 se
481 657 544 732 ipsa
571 657 761 724 commiserat,
787 675 892 716 ornnes

96 753 174 794 meas
202 753 281 802 curas
309 736 549 812 cogitationesque
570 735 683 792 ineam
697 735 893 796 conferebam.
933 763 934 768 ¹

98 811 175 873 Gurn
196 817 288 872 autern
309 813 453 872 dominatu
474 815 569 881 unius,
596 814 692 870 ornnia
716 824 892 884 tenerentur,

98 911 190 966 neqne
205 904 280 950 esset
293 899 412 965 usquam
427 893 546 950 consilio
561 900 608 949 aut
627 893 780 950 auctoritati
795 895 891 962 locus,

99 975 193 1030 socios
208 973 328 1044 denique
344 971 452 1030 tuendae
466 971 507 1028 rei
521 971 650 1045 publice,
660 989 789 1028 summos
802 973 892 1040 viros,

100 1053 258 1110 amisissem
271 1070 279 1120 ;
301 1069 353 1108 uec
363 1047 410 1107 rne
422 1051 570 1126 angoribus
582 1048 685 1117 dedidi,
697 1051 800 1121 quibus
812 1069 894 1109 erem

100 1131 253 1196 confectus,
266 1130 321 1187 nisi
333 1130 368 1185 iis
380 1129 556 1196 restitissem,
566 1145 618 1185 nec
629 1127 753 1190 rursum†
763 1127 892 1204 indignis

99 1209 215 1268 homine
227 1209 309 1265 docto
324 1207 520 1282 voluptatibus.
544 1231 546 1236 ¹

140 1289 231 1358 nque
243 1287 349 1342 utinam
362 1304 408 1341 res
422 1287 535 1360 publica
548 1284 680 1351 stetisset,
696 1303 753 1356 qno
764 1295 894 1362 coeperat

101 1374 183 1430 statu,
199 1382 251 1422 nec
266 1363 295 1419 in
310 1364 440 1420 homiues
461 1383 519 1422 non
540 1375 594 1420 tam
616 1363 891 1431 commutandarum,

100 1459 185 1513 qnam
213 1440 422 1497 evertendarum
449 1460 541 1498 rerum
567 1441 702 1517 cupidos,
730 1442 892 1501 incidisset.

101 1519 228 1578 Primum
242 1519 329 1585 enim,
344 1528 375 1575 ut
388 1529 477 1576 stante
498 1539 529 1578 re
543 1521 654 1596 publica
673 1520 765 1577 fecere
779 1522 892 1578 soleba·

100 1591 226 1662 mus‚'in
247 1597 354 1673 agendo
372 1597 446 1673 plus,
468 1617 553 1670 quern
574 1600 602 1656 in
617 1599 775 1666 scribendo,
792 1617 891 1676 operae

100 1693 268 1751 poneremus
280 1679 290 1732 ε’
310 1674 411 1734 deinde
436 1678 506 1753 ipsis
533 1679 646 1752 scriptis
667 1696 725 1746 non
751 1697 794 1744 ee,
825 1697 891 1750 quae

100 1771 185 1821 nunc,
201 1755 252 1814 sed
266 1755 389 1812 actiones
410 1767 521 1813 nostras·
544 1755 749 1822 mandaremus,
764 1766 796 1814 ut
808 1775 891 1833 saepe

100 1831 236 1910 fceimns‡
275 1833 350 1892 Cum
371 1847 464 1892 autern
477 1853 522 1892 res
543 1834 664 1909 publica,
680 1835 780 1907 in'qua
792 1837 891 1894 omnis

101 1931 165 1970 rnea
178 1931 254 1981 cura,
266 1915 408 1990 cogitatio,
420 1931 506 1989 opera
516 1914 583 1988 poni
595 1912 712 1979 solebat,
724 1914 801 1970 nulla
812 1924 893 1972 esset

101 1993 227 2060 omnino,
237 1994 291 2050 ine
303 1993 411 2052 seilicet
421 1992 533 2065 litterae§
545 1993 748 2060 conticuerunt,
760 1993 891 2050 forenses

101 2082 129 2129 et
138 2073 294 2128 senatoriae.

132 2225 147 2256 '⁸
161 2223 300 2274 Gerebotur.
333 2226 372 2275 Al.
384 2225 522 2292 regebatur:
539 2224 620 2275 which
632 2225 729 2275 Ernesti
740 2227 842 2289 prefers.

131 2287 324 2338 interrorem.
357 2291 411 2338 The
429 2291 502 2340 Letin
517 2292 591 2340 idiom
610 2293 667 2340 here
682 2294 832 2354 approaches
850 2294 895 2343 the

100 2350 213 2416 English,
230 2369 274 2401 nor
290 2356 379 2418 ageio:
395 2357 443 2404 end
454 2357 495 2404 the
505 2354 587 2404 Greek
606 2353 636 2406 αὖ
650 2354 693 2418 spi
704 2357 788 2408 edere·
806 2359 894 2408 whiffl

100 2417 151 2465 uiso
159 2417 181 2464 ir
188 2418 318 2482 employed
330 2426 355 2469 to
365 2435 470 2482 express,
480 2437 510 2469 cn
521 2421 558 2469 the
569 2422 636 2472 other
644 2422 716 2471 hond.

133 2481 341 2546 iSepesecimus.
374 2485 483 2548 “Scripsi
500 2487 574 2535 etiem
585 2485 693 2536 versibus
711 2495 760 2536 tres
773 2488 851 2538 libroe
862 2489 894 2539 de

100 2548 247 2610 temporibus
258 2549 327 2609 meis,
344 2567 404 2614 quos
418 2552 565 2615 jampridem
576 2554 607 2602 ed
618 2560 641 2602 te
654 2553 784 2612 misissem,
800 2555 823 2602 si
839 2571 895 2604 esse

99 2613 205 2662 edendos
222 2621 355 2677 putassem:
372 2622 430 2664 sunt·
444 2617 510 2664 enirn
525 2623 599 2666 testes
611 2625 636 2667 et
650 2625 722 2667 erunt
739 2619 893 2682 sempiterni,

100 2677 242 2728 meritorum
260 2685 357 2728 tuorum
374 2695 434 2744 erge
450 2681 591 2745 Μεθ’-ΕΡ.
610 2684 641 2732 ud
658 2683 755 2732 Lentul.
772 2685 814 2732 liis
833 2685 849 2733 i,
868 2685 893 2733 9.

73 2740 170 2852 ¹,⁶1‘2E1p1s
188 2750 230 2791 eut
244 2743 371 2793 hominum
396 2745 491 2794 ineurie
508 2752 550 2794 eut
567 2754 673 2797 vetustas
691 2748 745 2811 ipse
761 2749 892 2811 perdidit-'³

51 2847 54 2850 .
122 2837 127 2849 .
165 2807 270 2855 ranutius.

129 2866 253 2938 ¹§Scilicet
274 2871 376 2920 littere
402 2873 483 2922 These
505 2880 553 2920 two
575 2877 662 2936 words,
684 2875 776 2942 Bishcp
798 2875 894 2928 Peuce
933 2917 934 2922 ,

100 2927 190 2990 thmks,
201 2933 262 2984 heve
271 2942 338 3000 crept
348 2937 375 2985 in
384 2937 446 2986 from
462 2937 503 2985 the
514 2939 617 3002 margin.
