1888 3222
331 178 395 228 ΠΒ.
404 179 436 227 11.
453 177 529 228 cnt’.
540 179 598 228 XX.
815 181 869 238 189

82 321 105 380 ii
134 338 172 380 ue
199 319 315 396 obligari
342 319 457 393 quidem
483 319 621 382 benefitio
647 319 753 379 volunt.
792 320 870 388 Quin

78 401 168 459 etiam
192 399 360 456 beneficium
378 417 409 456 re
423 398 534 456 dedisse
548 399 720 467 arbitrantur,
735 416 801 456 oum
815 400 870 475 ipsi

80 479 213 550 quamvis
227 496 359 553 magnum
375 477 487 550 aliquod
498 477 671 553 aeoeperint:
694 487 774 549 atque
786 479 870 536 etiam

81 576 101 613 a
114 574 146 614 se
160 565 208 613 aut
221 555 354 632 postulari
368 565 416 612 aut
428 556 584 632 exspectari
604 555 709 627 aliquid
727 556 872 632 suspican-

82 645 148 692 tur:
169 633 324 710 patrocinio
337 652 404 692 vero
424 653 456 692 se
473 653 540 692 usos
554 644 583 691 et
596 634 712 692 clientes
727 633 871 710 appellari,

82 712 183 770 mortis
204 712 292 769 instar
314 721 418 788 putant.
459 715 497 769 At
520 731 586 770 vero
606 712 653 769 ille
673 711 775 779 tenuis,
788 709 871 778 hum,

82 789 223 863 quidquid
241 790 346 850 facturn
367 790 413 858 sit,
429 809 461 848 se
481 793 647 867 spectatum,
661 809 720 848 non
733 789 877 855 fortunam¹

82 877 173 944 putat,
189 887 245 926 non
265 868 350 926 modo
371 869 423 934 illi,
438 869 486 940 qui
507 879 551 926 est
566 869 710 934 meriton*
724 866 873 925 sedetiam

81 946 140 1004 illis
155 965 172 1003 e
185 947 286 1017 quihus
300 955 445 1022 exspectat
460 945 536 1025 (eget
548 946 624 1004 enim
642 942 749 1022 multis)
764 957 872 1022 gratum
935 945 936 950 ’

81 1043 116 1082 se
141 1023 229 1082 videri
251 1024 359 1082 studet:
382 1043 473 1096 neque
497 1043 564 1102 vero
586 1024 678 1080 verbis
693 1034 775 1098 auget
788 1041 872 1080 suum

83 1121 200 1170 munus,
217 1103 242 1159 si
256 1119 313 1176 quo
326 1103 396 1160 forte
410 1102 541 1179 fungitur,
556 1100 607 1158 sed
629 1102 712 1158 etiam
732 1110 872 1159 extenuat.

82 1180 302 1253 Videndumque
323 1181 392 1238 illutl
412 1191 465 1249 est,
489 1180 609 1253 quodsi
630 1179 794 1255 opulentum
819 1178 874 1236 for·

82 1269 267 1331 tunetumque
291 1259 459 1327 defenderis,
480 1259 511 1316 iu
532 1277 590 1316 uno
611 1258 670 1324 illo,
686 1266 733 1314 aut
753 1256 823 1314 forte
843 1256 874 1315 iu

82 1337 180 1395 liberis
209 1339 271 1414 ejus
298 1347 393 1396 manet
418 1338 522 1414 gratia:
555 1337 599 1394 sin
627 1346 720 1394 autem
747 1336 873 1412 inopem,

82 1417 205 1490 probum
222 1427 315 1473 tamen
336 1426 365 1472 et
383 1415 554 1484 modestum,
568 1433 667 1473 omnes
682 1431 739 1472 non
752 1413 874 1491 improbi

82 1493 208 1551 humiles
233 1492 307 1571 (quae
334 1513 436 1569 magua
459 1495 489 1553 iu
515 1494 622 1571 populo
646 1491 795 1552 multitudo
819 1489 874 1570 est)

83 1570 249 1648 praesidium
270 1571 325 1629 sihi
345 1582 470 1647 paratum
492 1572 597 1630 vident.
637 1572 729 1638 Quam
754 1572 790 1630 ob
813 1589 874 1628 rem

82 1648 186 1706 melius
201 1649 273 1724 apud
294 1649 395 1716 honos,
410 1667 494 1720 quarn
517 1647 591 1726 apud
612 1649 778 1718 fortunatos,
790 1650 874 1707 bene·

82 1727 183 1785 tioium
198 1726 328 1784 collocari
342 1735 420 1802 puto.

123 1803 226 1862 Danda
248 1805 365 1862 omnino
387 1821 473 1878 opera
494 1813 548 1872 eat,
561 1812 592 1862 ut
605 1801 683 1860 omui
696 1803 792 1880 generi
806 1801 874 1862 satis

86 1883 179 1942 fauere
207 1884 359 1958 possimus.
400 1881 459 1939 Sed
485 1881 511 1938 si
538 1899 582 1938 res
610 1880 640 1938 in
664 1882 874 1940 -contentionern

83 1961 191 2028 v'euiet,
203 1961 337 2022 nimirum
349 1959 573 2022 Themistocles't
583 1968 627 2018 est
637 1968 732 2016 auctor
743 1958 876 2016 adhiben-

83 2040 160 2108 dus3
195 2040 244 2113 qui
271 2057 337 2097 cum
364 2039 564 2106 consuleretur,
591 2047 684 2095 utrum
710 2038 787 2096 bono
812 2037 874 2095 viro
932 2067 933 2074 κ

118 2195 134 2228 *
153 2193 204 2252 Qui
215 2201 251 2243 eet
261 2195 377 2255 urentur.-
393 2191 445 2242 mlo
454 2191 579 2258 confused
588 2191 626 2242 tle
642 2191 778 2268 obligatiou.

114 2260 128 2311 †
150 2257 325 2308 themistocles.
357 2259 468 2307 Valerius
480 2258 612 2317 Maximus,
621 2257 662 2307 lih
673 2258 713 2306 vri.
725 2273 746 2306 o.
757 2257 787 2318 2,
799 2261 873 2306 states

85 2324 141 2372 that
158 2324 199 2372 the
216 2324 315 2386 opinion
326 2324 355 2372 of
365 2322 543 2373 Themistocles
554 2339 605 2371 was
616 2323 691 2372 asked
701 2325 734 2388 by
745 2321 786 2370 the
797 2321 875 2372 father

84 2388 155 2438 osan
166 2388 225 2453 only
237 2389 362 2453 daughter,
373 2388 481 2437 whether
498 2395 523 2437 to
534 2387 588 2453 give
600 2387 643 2436 her
655 2387 681 2436 in
692 2389 813 2452 marriage
824 2396 849 2436 to
860 2404 875 2437 a

85 2469 144 2502 man
158 2452 188 2501 of
199 2453 272 2502 merit
282 2453 385 2502 without
401 2454 502 2512 fortune,
514 2469 541 2501 or
556 2459 582 2501 to
598 2471 613 2502 a
622 2453 727 2518 weatthy
738 2453 821 2511 suitur,
832 2454 875 2501 but

83 2518 146 2566 with
153 2532 186 2566 uo
193 2518 262 2566 other
269 2517 543 2568 recommendatioru-I
552 2518 638 2566 should
647 2519 807 2575 reuomruend,
817 2531 874 2580 says

84 2583 273 2642 Themistocles,
290 2583 371 2632 rather
390 2583 432 2632 the
451 2599 510 2630 man
525 2583 628 2632 without
645 2597 741 2647 money,
757 2583 816 2629 than
832 2581 874 2628 the

83 2663 176 2711 money
183 2648 285 2697 without
292 2647 334 2696 the
345 2663 409 2696 man.
441 2647 563 2706 Plutarch,
571 2647 598 2696 in
606 2647 644 2695 his
653 2645 694 2694 life
703 2646 732 2694 of
738 2644 873 2693 Themisto

84 2713 143 2770 cles,
156 2712 243 2761 relates
259 2730 274 2761 a
290 2713 383 2761 similar
398 2718 472 2776 story,
484 2713 527 2760 bul
537 2713 627 2774 applies
639 2711 659 2758 it
669 2718 693 2759 to
704 2711 745 2756 the
756 2709 874 2772 daughter

83 2777 115 2826 of
132 2777 311 2826 'I'hemistooles
327 2775 430 2826 himself.
461 2776 547 2824 Cioero
562 2773 683 2836 evidently
698 2773 720 2819 is
735 2773 825 2836 guided
840 2773 873 2835 by
898 2827 903 2832 ³

86 2841 202 2891 Valerius
214 2841 346 2892 Maximus.
834 2847 835 2856 ¹
