1882 3216
95 203 134 256 88
381 195 428 242 DE
445 189 597 242 omens.

95 359 152 398 una
178 357 242 416 pars
270 337 301 395 in
325 335 449 412 appetitu
474 334 567 410 posita
590 337 643 398 est,
665 347 728 404 quae
753 337 799 388 est
822 327 880 408 ὁρμὴ

63 471 65 476 .
98 419 207 486 Graece,
223 435 285 489 quae
300 415 444 473 hominem
459 413 515 470 huo
526 421 555 468 et
565 410 632 469 illue
645 410 736 485 rapit:
759 408 843 467 altera
855 410 882 466 iu

96 497 213 562 ratione,
239 514 301 567 quae
326 493 408 550 docet
427 502 456 549 et
475 490 617 568 explanat,
638 487 708 561 quid
728 487 881 547 faciendum
927 479 928 492 ¹

97 573 316 650 fugiendumque
331 573 377 630 sit.
417 571 460 630 lta
472 571 514 638 fit,
529 579 561 627 ut
573 568 643 628 ratio
657 567 764 644 praeait,
780 566 880 646 appeti·

97 663 141 712 tua
155 654 339 730 obtemperet.

99 893 189 956 ΟΑΡ.
209 893 322 954 XXIX.
362 889 534 971 Appetitum
547 885 658 946 rationi
673 884 884 966 subjiciendum

308 988 378 1030 erae.
419 967 548 1028 Deleda
563 965 678 1045 etjoco.

927 1073 928 1104 l

140 1151 237 1210 Orutns
259 1158 352 1206 autern
371 1147 442 1204 ratio
464 1162 562 1202 vacare
584 1141 667 1200 debet
688 1145 843 1202 temeritate
861 1151 884 1200 et

100 1230 286 1306 negligentia:
309 1245 361 1284 nee
375 1243 442 1282 vero
457 1243 538 1298 agere
554 1221 719 1294 quidquam,
735 1223 817 1299 eujus
831 1240 883 1282 non
927 1269 928 1274 ,

100 1309 192 1383 possit
218 1323 346 1363 caussam
374 1302 547 1378 probabilem
574 1300 699 1358 reddere.
740 1301 815 1358 Haee
847 1310 884 1358 est

101 1386 177 1442 enim
193 1385 249 1442 sere
264 1381 415 1457 descriptio
429 1381 545 1438 officii*
585 1377 779 1438 Efficiendum
800 1389 886 1438 autem

101 1472 155 1529 eat,
169 1471 200 1520 ut
220 1460 359 1537 appetitus
380 1459 481 1516 rationi
502 1457 643 1527 obediant,
659 1477 780 1532 eamque
801 1477 886 1532 neque

68 1559 69 1564 ¹
101 1550 280 1618 praecurrant,
296 1555 355 1596 nee
375 1547 490 1614 propter
511 1538 662 1614 pigritiam,
684 1550 731 1595 aut
751 1539 888 1616 ignavima
927 1553 928 1565 ¹

102 1619 248 1677 deserant:
270 1619 382 1690 sintque
401 1618 557 1692 tranquilli,
581 1626 663 1688 atque
683 1620 763 1675 omni
786 1629 885 1696 pertur-

102 1699 214 1756 batione
239 1699 326 1756 animi
348 1706 468 1754 oareant.
510 1697 559 1754 Ex
581 1713 637 1768 quo
659 1695 781 1754 elucebit
801 1696 887 1756 omnis

103 1779 267 1846 constantia,
279 1777 429 1850 omnisque
449 1775 614 1834 moderatio.
655 1773 731 1832 Nam
747 1778 797 1849 qui
811 1793 888 1853 appe·

104 1857 169 1915 titus
178 1858 291 1935 longius
301 1865 647 1934 evagantur,ettamquam
657 1855 831 1914 exsultantes
840 1853 889 1912 siri

104 1938 255 2014 cupiendo,
270 1937 325 1994 sivi
338 1935 482 2012 fugiendo,
497 1933 638 1992 nonsatis
661 1952 678 1988 a
698 1936 810 1992 ratione
829 1933 889 1992 reti-

104 2024 214 2084 nentur,
229 2017 250 2073 ii
270 2015 332 2073 aine
353 2015 440 2073 dubio
460 2015 548 2072 finem
562 2020 591 2069 et
603 2009 720 2070 modum
741 2019 890 2071 transeunt.

104 2093 280 2166 Relinquunt
309 2093 386 2152 enim
411 2103 440 2151 et
464 2091 599 2169 abjiciunt
618 2089 818 2161 obedientiam,
840 2106 890 2150 neo

104 2173 204 2229 rationi
226 2182 333 2248 parent,
348 2172 394 2228 eui
416 2181 482 2229 sunt
503 2170 623 2246 subjeoti
644 2170 707 2246 lege
729 2180 851 2230 naturae:
875 2187 891 2224 a
926 2215 927 2240 ,

104 2251 206 2322 quibus
230 2269 289 2308 non
309 2249 395 2308 modo
417 2250 505 2308 animi
525 2250 729 2326 perturbantur,
744 2249 890 2308 sedetiam
926 2245 927 2280 l

105 2345 231 2404 corpora.
272 2328 354 2387 Licet
380 2347 429 2386 ora
454 2329 518 2405 ipsa
545 2345 660 2386 eernere
683 2329 828 2398 iratorum,
848 2333 892 2384 aut

364 2559 529 2611 CHAPTER
544 2561 636 2612 XXIX.

137 2693 152 2724 ὓ
169 2689 256 2751 Officii.
287 2688 369 2737 These
385 2697 435 2738 two
450 2695 576 2739 sentenoes
588 2690 721 2740 Faeciolati
733 2691 857 2742 considers
868 2706 896 2738 aa

104 2755 245 2804 introduced
256 2754 289 2817 by
297 2769 363 2802 some
374 2754 537 2818 interpolator,
545 2755 592 2803 and
605 2758 675 2806 made
687 2773 720 2820 up
729 2757 792 2808 l'rom
801 2759 830 2806 de
841 2755 863 2804 F
862 2756 896 2804 in.

104 2817 275 2929 ¹31„leOE
292 2819 449 2884 rammam
464 2819 555 2868 editore
574 2821 635 2871 have
654 2823 730 2870 aetio:
754 2822 791 2874 for
809 2822 896 2890 poerit,
