1882 3216
81 203 137 258 loo
389 195 437 244 ne
456 193 610 243 osricus.

79 343 186 420 puram,
201 341 248 398 aur
262 339 295 398 ar
306 340 354 416 jus
369 337 462 405 nne,
477 315 870 412 aliiadetoqfuentiamappli-

78 431 157 486 contr
184 420 364 494 ipsarumque
389 418 520 474 virtutum
545 415 575 472 id
599 414 653 470 alia
672 415 744 472 alius
766 415 870 472 mavult

75 499 223 556 excellere.
699 565 701 570 Ι

118 577 246 642 Quorum
259 594 326 633 vero
345 587 448 651 patres,
463 583 511 631 aut
530 575 650 651 majores
673 573 768 645 aliqua
782 573 870 649 gloria

79 656 275 732 prestiterunt,
283 655 304 711 ii
315 653 427 711 student
437 654 602 729 plerumque
614 650 713 708 eodem
726 653 758 708 in
767 669 870 728 genere

78 733 169 792 laudis
191 733 350 790 excellere:
380 742 412 788 ut
433 734 470 798 Q.
490 728 636 800 Mucius,l
657 731 692 788 P.
709 731 744 788 F.
760 732 791 787 in
807 731 871 806 jure

79 813 155 869 civili
169 832 176 881 3
198 813 291 870 Paulli
302 811 391 873 filius†
402 810 550 868 Africanus
562 813 592 868 in
603 829 632 870 re
642 809 765 868 militari.
803 809 872 875 Qui-

80 890 146 949 dem
160 901 252 956 autem
266 891 301 949 ad
315 909 362 948 eas
376 890 483 957 laudes,
499 908 568 962 quas
583 909 600 946 a
613 889 739 968 patribus
754 906 872 963 accepe·

79 980 154 1040 runt,
169 970 273 1028 addunt
284 971 406 1043 aliquam
418 987 513 1026 suam:
535 977 566 1026 ut
577 969 623 1028 hic
634 969 709 1027 idem
720 966 872 1024 Africanus

80 1048 241 1122 eloquentia
251 1049 403 1115 cumulavit
413 1049 541 1106 bellicam
552 1047 670 1122 gloriam
683 1066 690 1103 :
707 1044 784 1118 quod
796 1045 873 1102 idem

80 1128 148 1186 fecit
167 1129 366 1202 Timotheua‚‡
391 1126 520 1185 Cononis
534 1125 619 1195 filius,
635 1125 694 1200 qui,
716 1142 783 1181 cum
805 1123 872 1180 belli

79 1206 162 1265 laude
183 1227 241 1264 non
265 1207 380 1264 inferior
401 1205 509 1272 fuisset,
534 1223 619 1277 quam
644 1211 731 1280 pater,
747 1201 783 1258 ad
809 1221 873 1259 eam

81 1285 203 1350 laudem,
219 1284 351 1340 doctrinae
365 1292 394 1340 et
413 1283 520 1358 ingenii
534 1283 651 1358 gloriam
673 1281 792 1357 adjecit:
826 1280 873 1338 Fit

81 1372 175 1418 autem
188 1361 337 1427 interdum,
352 1370 383 1416 ut
405 1378 463 1416 non
487 1361 567 1428 nulli,
589 1362 697 1418 omissa
715 1359 873 1416 imitatione

81 1439 229 1514 majorum,
250 1455 333 1494 suum
358 1436 499 1507 quoddam
519 1439 677 1497 institutum
697 1455 873 1509 consequan-

82 1518 158 1587 tur:§
173 1513 352 1586 maximeque
363 1515 393 1571 in
404 1532 439 1571 eo
450 1516 615 1591 plerumque
626 1518 769 1575 elaborant
779 1516 811 1583 ii,
824 1517 872 1587 qui

81 1611 183 1670 magna
196 1593 250 1650 sibi
264 1603 434 1669 proponunt,
449 1596 576 1652 obscuris
590 1598 644 1654 orti
657 1595 822 1672 majoribus.

122 1672 194 1730 Haec
207 1672 293 1748 igitur
305 1672 410 1740 onmia,
426 1690 491 1730 cum
505 1676 666 1746 quaerimus,
682 1672 750 1747 quid
764 1673 871 1740 deceat,

82 1749 232 1827 complecti
246 1752 341 1810 animo
355 1761 384 1810 et
403 1753 571 1828 cogitatione
585 1753 731 1820 debemus.
770 1752 805 1809 In
817 1753 873 1828 pri·

81 1831 137 1888 mis
151 1840 244 1889 autem
258 1831 484 1889 constituendum
498 1842 550 1899 est,
566 1849 636 1904 quos
659 1849 721 1899 nos,
734 1840 763 1888 ct
774 1831 872 1902 quales

81 1927 146 1968 esse
159 1912 290 1979 velimus,
306 1911 376 1968 etin
391 1929 447 1982 quo
467 1929 570 1986 genere
584 1912 667 1968 vitae:
690 1928 752 1982 quae
768 1909 873 1967 delibe-

83 1991 153 2048 ratio
166 2000 210 2047 est
223 1991 350 2048 omnium
362 1988 535 2046 difficillima.
571 1989 705 2046 Ineuente
717 1988 795 2045 enim
809 1987 873 2045 edo·

116 2145 130 2177 *
144 2143 172 2201 Q.
184 2143 290 2192 Mucius.
323 2143 459 2192 Sumamcd
468 2145 581 2204 Scaevola
594 2145 679 2194 consul
689 2145 750 2194 with
761 2143 793 2192 Le
802 2145 873 2192 Cras·

83 2223 132 2266 sus,
143 2207 174 2255 A.
185 2209 216 2256 U.
226 2208 255 2256 C.
266 2207 320 2256 658.
351 2208 438 2258 Cicero
453 2211 498 2259 has
517 2211 648 2259 elsewhere
668 2210 794 2258 described
813 2209 873 2268 him,

83 2279 98 2302 ‘⁸
104 2287 182 2320 unum
192 2279 281 2320 nostrae
292 2273 397 2322 civitatis
408 2281 432 2322 et
443 2275 541 2340 ingenio
552 2283 577 2324 et
590 2275 686 2340 justitia
704 2274 874 2338 prestantissi-

83 2337 176 2411 mum.”
192 2337 252 2426 Lffel.
263 2338 278 2386 i.
311 2339 369 2386 And
380 2339 448 2388 Brut
465 2356 485 2389 c.
501 2341 539 2390 39.
551 2341 788 2406 “jureconsultorrun
800 2341 874 2389 diser·

83 2403 230 2450 usnmum.’

116 2466 130 2518 †
141 2465 227 2514 Paulli
231 2465 314 2529 filius.
331 2468 386 2517 The
397 2483 441 2518 son
452 2469 482 2518 of
492 2470 609 2520 AEmilius
620 2470 728 2530 Paullus,
737 2470 821 2519 whom
832 2470 875 2518 So.

84 2529 216 2581 Africanus
227 2533 335 2595 adopted.

117 2597 128 2648 ss
144 2597 287 2645 Timotheus.
303 2597 358 2644 The
370 2597 447 2646 father
458 2598 524 2648 freed
535 2599 573 2648 his
585 2607 689 2664 country
695 2600 759 2647 from
770 2599 813 2647 tlre
824 2599 872 2648 La-

85 2662 243 2711 cedemonian
258 2662 338 2725 yoke:
353 2662 393 2710 the
404 2679 449 2712 son
459 2666 578 2713 extended
589 2666 620 2713 its
631 2665 765 2713 dominion.
784 2715 786 2719 ,
798 2666 872 2713 Corn.

85 2724 147 2787 Nep.
157 2727 183 2774 in
194 2727 302 2775 Timoth.
314 2742 334 2773 c.
347 2727 368 2773 l.

117 2789 332 2855 §Germeqrmntun
348 2790 410 2840 This
426 2793 515 2841 verbis
531 2793 692 2856 occusionally
704 2808 872 2856 synonymous

123 2852 145 2898 'b
156 2867 240 2916 aequor
250 2872 277 2904 or
284 2870 420 2920 persequor.
453 2857 540 2904 “Eum
553 2873 646 2905 morem
657 2858 740 2924 igitur,
751 2873 810 2906 eum
820 2859 872 2906 bre·
928 2879 929 2910 l

147 2931 164 2974 r,
175 2918 196 2966 si
213 2925 301 2981 potero,
311 2923 466 2984 consequar.''
498 2921 577 2984 Legg.
587 2921 611 2969 ii.
623 2922 644 2969 7.
