1890 3224
296 221 363 270 LIB.
371 221 416 272 111.
434 221 511 272 cAP.
521 222 615 272 XXIV·
792 223 850 278 285

57 361 134 421 faeta
146 363 224 422 sinti
245 363 352 438 Siquis
365 364 600 424 medicamentum
611 363 732 442 cuipiam
745 361 851 422 dederit

57 441 97 498 ad
117 461 218 515 aquam
238 443 429 512 intercutem*
452 445 654 522 pepigeritque,
670 463 705 502 ne
726 443 774 502 illo
792 459 851 500 me·

58 520 220 578 dicameuto
242 541 365 595 unquam
389 535 487 600 postea
507 533 646 591 uteretur3
668 523 692 580 si
707 541 742 582 eo
764 520 851 580 medi·

58 610 190 657 cemento
205 619 289 657 sanus
311 600 398 658 factus
413 601 504 668 suerit,
517 611 545 660 et
565 603 645 660 annis
661 601 766 675 aliquot
786 609 851 677 post

59 677 192 735 inciderit
205 679 234 736 in
248 679 379 736 eumdem
395 682 533 749 morbum,
547 699 601 738 uec
615 682 648 738 ab
662 699 707 748 eo,
722 680 771 751 qui
785 697 850 736 cum

58 756 215 832 pepigerat,
230 758 369 833 impetret,
390 769 422 816 ut
441 759 541 818 iterum
562 778 596 817 eo
615 759 698 818 lineat
717 760 767 826 uti,
783 755 851 830 quid

58 833 220 894 laciendum
240 837 294 893 sit?
330 836 405 895 Cum
426 838 463 894 sit
481 839 506 895 is
527 839 707 904 inhumanus,
723 837 771 910 qui
791 855 849 893 non

58 913 205 981 concedat,
230 933 283 972 nec
308 916 335 972 ei
356 915 508 987 quidquam
528 917 577 974 fiat
597 915 717 992 injurie,
739 915 802 972 vitae
821 922 851 971 et

59 991 144 1048 saluti
159 993 387 1056 consulendumt

101 1070 200 1136 Quint
228 1073 254 1128 si
268 1073 382 1148 sapiens
396 1081 510 1148 rogatus
525 1073 560 1130 ab
574 1090 619 1148 eo,
631 1072 680 1144 qui
691 1090 757 1129 eum
769 1072 849 1128 here·

58 1147 126 1206 dem
149 1149 240 1218 saciat,
256 1170 320 1208 cum
336 1151 363 1208 ei
386 1160 554 1209 testamento
577 1151 738 1221 sestertium
758 1149 851 1208 milies

58 1227 241 1300 relinquatur,
256 1239 363 1287 utente
385 1247 469 1301 quem
484 1230 667 1288 hereditatem
682 1228 773 1295 adeat,
787 1227 850 1288 luce

58 1305 153 1383 palam
168 1307 197 1365 in
220 1307 280 1367 loro
300 1309 392 1376 saltet,
409 1308 437 1365 id
452 1327 483 1366 se
507 1308 644 1367 iacturum
667 1307 849 1384 promiseritr

59 1384 136 1458 quod
151 1385 230 1444 aliter
252 1386 386 1446 heredem
410 1406 475 1446 eum
495 1389 650 1466 scripturus
665 1387 712 1444 ille
735 1404 793 1444 nou
807 1404 851 1444 es·

58 1472 105 1521 set
116 1484 124 1532 3
154 1463 246 1532 faeiat,
257 1465 332 1537 quod
345 1467 513 1541 promiserit,
526 1484 623 1525 necne
636 1466 647 1521 t
676 1465 850 1524 Promisisse

62 1542 180 1610 nollem,
196 1553 224 1601 et
238 1544 267 1601 id
281 1545 397 1602 arbitror
418 1545 506 1602 luisse
520 1544 661 1622 gravitatis
675 1563 683 1611 3
716 1544 850 1616 quonism

61 1622 205 1697 promisit,
220 1623 246 1680 si
262 1623 361 1680 saltare
376 1623 406 1680 in
425 1623 485 1680 loro
498 1632 579 1699 turpe
594 1624 686 1690 ducet,
702 1623 850 1680 honestius

60 1700 241 1775 mentietur,‡
263 1701 288 1758 si
310 1720 348 1759 ex
369 1701 521 1758 hereditate
543 1703 616 1760 nihil
641 1701 765 1776 ceperit:
794 1702 851 1760 nisi

58 1777 132 1836 forte
148 1797 209 1836 earn
228 1781 377 1857 pecuniam
394 1781 421 1838 iu
445 1780 485 1837 rei
508 1780 627 1856 publioae
647 1797 780 1854 magnum
803 1780 852 1837 ali·

59 1857 138 1930 quod
160 1868 271 1935 tempus
297 1859 447 1917 contulerit
458 1861 483 1932 ;§
517 1867 549 1915 ut
571 1858 617 1915 vel
645 1855 755 1925 saltare,
785 1875 850 1916 cum

23 1955 27 1966 ·
57 1937 158 2012 patrie
173 1938 351 1996 consulturus
366 1939 413 2006 sit,
430 1948 509 2014 turpe
524 1937 642 1996 nonsit.

93 2070 506 2143 *Medicamentum—intercutem.
539 2093 571 2142 In
592 2091 696 2142 medical
717 2082 766 2140 sud
788 2092 851 2157 agri-

57 2157 164 2206 cultural
175 2159 277 2218 writers,
288 2159 350 2207 atter
364 2161 406 2208 the
417 2159 564 2223 preposition
578 2158 685 2206 cd-tho
699 2157 781 2220 ellipse
793 2157 823 2206 of
837 2174 852 2206 a

57 2223 185 2286 participle
197 2240 224 2271 or
239 2225 462 2338 adl⁰⁰filer,;‘²(,l¹‘m’
472 2223 592 2282 idoneum,
603 2224 659 2282 dcc,
670 2222 805 2288 frequently
814 2239 852 2272 oc·

58 2303 124 2337 curs.
157 2289 224 2347 Ceto,
240 2305 261 2337 c.
280 2289 332 2338 115.
405 2289 475 2338 inum
496 2289 528 2338 ed
545 2289 627 2338 alvum
651 2289 852 2338 movendam.‘'-—

59 2369 80 2401 c.
99 2353 154 2401 ret.
177 2354 291 2403 “Vinum
309 2355 340 2402 ed
353 2355 545 2420 -strenguriem.’'
576 2354 718 2412 columella,
737 2355 769 2404 vi.
791 2353 852 2404 “Ad

58 2419 167 2466 maciem
178 2420 245 2468 nulla
256 2436 295 2468 rer
304 2426 400 2468 tantum
411 2426 529 2484 quantum
540 2419 636 2468 medice
647 2421 747 2484 potest’‘
778 2419 851 2484 Corn.

57 2483 153 2542 Celsus,
168 2484 200 2533 vi.
216 2485 237 2532 6.
271 2485 425 2548 “Liquidum
442 2485 648 2536 medicamentum
662 2486 693 2536 ed
709 2485 775 2535 idem
788 2499 851 2533 com-
873 2507 875 2512 ·

57 2549 186 2610 ponebet”
220 2549 331 2608 Inique.

58 2615 118 2726 belh
124 2612 314 2664 omentum.
346 2615 404 2664 And
419 2615 539 2666 therefore
555 2613 596 2664 the
610 2612 715 2678 promise
732 2613 793 2662 need
809 2615 852 2662 not

119 2685 167 2741 ept

91 2742 103 2795 i
120 2743 253 2793 Honestius
268 2746 416 2794 mentietur:
435 2745 456 2792 it
474 2742 526 2793 rnr'll
542 2743 568 2793 be
581 2743 632 2794 less¹
648 2739 812 2792 dishonorcble
827 2747 852 2792 te

59 2807 150 2856 violate
159 2808 197 2857 tlte
203 2811 316 2872 proterite.

93 2871 410 2938 tungriam-emuntur.
450 2871 536 2923 Ueleso
552 2887 586 2922 oo
597 2872 707 2920 meusium
721 2871 800 2918 orirer
824 2885 852 2920 er·

59 2936 111 3050 {im
119 2944 143 2986 to
152 2938 242 3003 emploq
253 2939 305 2988 rtur
316 2951 371 3003 rum
381 2939 409 2986 in
417 2954 480 2987 eorus
486 2952 590 3002 purpose
601 2935 749 3001 highlybeoe
786 2936 791 2947 '
827 2941 852 2983 to

76 3004 100 3051 r's
111 3010 220 3067 country.
