1882 3216
270 217 271 222 Ν
310 168 402 242 umr.
419 169 594 220 emam.
791 169 847 230 let
899 186 901 194 ’

110 307 210 371 Placet
222 309 314 388 igitur,
329 312 436 390 aptiora
448 330 512 370 esse
525 321 628 371 naturae
642 327 675 370 ea
687 311 781 372 officia
794 331 856 388 quae

69 407 110 448 ex
124 391 332 457 communitate,
347 407 431 464 quam
446 410 488 459 ea,
508 409 570 464 quae
584 409 621 449 ex
635 392 794 468 cognitione
808 391 858 450 du·

69 477 186 526 cantur:
208 467 291 540 idque
314 468 369 526 hoc
391 479 553 545 argumento
575 469 733 528 confirmari
755 480 858 548 potest,

69 544 159 619 qnod,
173 545 199 602 si
212 546 359 622 contigerit
372 565 406 604 ea
418 545 474 604 vita
485 549 614 624 sapienti,
627 558 659 605 ut
680 548 709 606 in
730 550 858 607 omnium

69 637 166 683 rerum
185 624 361 684 affluentibus
385 627 476 702 copiis
498 627 602 695 omnia,
624 643 685 699 quae
698 627 859 704 cognitione

70 702 159 780 digna
171 713 245 771 sunt,
260 722 372 761 summo
394 707 451 762 otio
471 721 568 762 secum
581 706 643 781 ipse
660 705 819 764 consideret
831 715 860 764 et

70 781 290 857 contempletur;
307 791 410 852 tamen,
422 784 447 840 ei
457 782 578 842 solitudo
589 793 664 840 tanta
674 784 720 850 sit,
730 783 860 842 uthomi·

69 878 141 919 nem
154 854 248 918 videre
261 878 319 918 non
332 862 432 936 possit,
444 861 561 919 excedat
573 879 589 918 e
603 862 669 919 rita.
709 862 859 938 Princeps-

70 956 128 1010 que
144 941 270 998 omniurn
291 940 424 997 virtutum
442 940 491 996 illa
503 940 648 1014 sapientia,
666 959 750 1012 quarn
769 939 858 1016 dupino

72 1015 169 1076 Graeci
180 1028 280 1076 vocant
293 1017 479 1095 (prudentiam
490 1019 577 1083 enim,
592 1036 676 1089 quam
694 1018 788 1077 Graeci
800 1019 859 1093 pet-

69 1105 151 1162 endo,
166 1097 248 1154 aliam
259 1094 407 1168 quamdam
426 1097 619 1172 intelligimus,
634 1113 696 1167 quae
710 1107 754 1154 est
765 1115 857 1157 rerum

69 1174 291 1250 expetendarum
304 1173 552 1251 fugiendarumque
566 1172 697 1252 scientia)
711 1175 858 1234 illaautern

68 1253 208 1328 sapienta,
223 1271 306 1326 quarn
325 1254 483 1330 principem
497 1253 566 1320 dixi,
581 1271 673 1310 rerum
691 1262 735 1310 est
753 1253 859 1312 diviua-

68 1351 134 1389 rum
159 1341 187 1389 et
209 1331 393 1390 humanarum
417 1332 548 1390 scientia:
570 1333 600 1389 in
624 1350 680 1405 qua
702 1333 859 1391 continetur

68 1408 189 1468 deorum
202 1420 231 1466 et
243 1410 389 1467 hominum
408 1411 593 1468 communitas
607 1421 636 1469 et
654 1412 773 1470 societas
787 1412 859 1470 inter

68 1491 161 1565 ipsos.
189 1489 235 1546 Ea
247 1489 272 1545 si
285 1489 409 1546 maxima
421 1500 474 1555 est,
485 1499 516 1548 ut
526 1502 578 1557 est,
590 1499 664 1548 certe
675 1509 792 1548 necesse
803 1499 856 1560 est,

68 1566 146 1640 quod
156 1567 378 1624 acommunitate
387 1567 502 1625 ducatur
509 1567 644 1636 officium,
656 1569 686 1627 id
696 1587 760 1627 esse
769 1569 858 1627 maxi·

66 1664 159 1704 mum.
199 1646 314 1703 Etenim
332 1647 455 1722 cognitio
477 1647 730 1722 contemplatioque
753 1657 858 1718 nature

67 1743 171 1782 manca
184 1723 304 1796 quodam
317 1724 402 1782 modo
417 1734 498 1794 atque
512 1724 642 1781 inchoata
662 1725 709 1793 sit,
734 1727 760 1783 si
781 1725 858 1784 nulla

68 1803 143 1861 actio
164 1821 258 1862 rerum
277 1813 473 1874 consequatur.
512 1801 559 1858 Ea
571 1811 663 1858 autem
677 1804 750 1861 actio
763 1803 793 1862 in
806 1803 857 1862 ho·

66 1882 179 1940 minum
193 1880 348 1939 commodis
363 1879 473 1938 tuendis
487 1879 610 1936 maxime
623 1881 753 1938 cernitur.

108 1960 235 2018 Pertinet
248 1960 331 2035 igitur
353 1959 388 2016 ad
410 1958 572 2016 societatem
596 1957 706 2034 generis
731 1958 857 2017 humani.

67 2037 148 2114 Ergo
162 2037 223 2095 haec
236 2038 388 2113 cognitioni
408 2034 603 2112 anteponenda
623 2045 676 2094 est.
714 2037 807 2110 Atque
828 2037 858 2096 id

67 2117 194 2192 optimus
208 2117 326 2188 quisque
341 2135 370 2172 re
384 2117 447 2192 ipsa
460 2114 582 2172 ostendit
594 2125 623 2172 et
631 2113 749 2191 judicat.
784 2115 857 2184 Quis

68 2195 146 2252 enim
160 2204 205 2251 est
218 2205 273 2251 tam
286 2193 405 2269 cupidus
429 2195 459 2251 in
479 2193 673 2271 perspicienda
685 2212 857 2272 cognosceu-

69 2271 160 2345 daque
174 2291 267 2330 rerum
279 2283 383 2338 natura,
395 2282 435 2340 ut,
450 2273 475 2328 si
488 2273 516 2328 ci
529 2273 654 2331 tractanti
667 2276 858 2351 contemplan-

70 2351 146 2423 tique
161 2369 206 2408 res
217 2351 377 2426 cognitione
391 2351 581 2427 dignissimas,
593 2352 685 2410 subito
696 2353 733 2410 sit
744 2352 857 2413 allatum

69 2429 226 2505 periculum
237 2428 443 2500 discrimenque
457 2431 563 2504 patriae,
576 2431 622 2488 cui
635 2432 783 2490 subvenire
797 2433 858 2508 opi·

70 2507 207 2578 tuamque
228 2508 329 2583 possit,
352 2527 408 2564 non
430 2507 478 2564 illa
501 2509 596 2565 omnia
616 2509 755 2581 relinquat
774 2519 857 2582 atque

71 2585 191 2661 abjiciat,
209 2586 329 2642 etiamsi
352 2585 526 2643 dinumerare
540 2605 572 2643 se
586 2587 691 2655 stellas,
705 2598 753 2644 aut
765 2586 857 2643 metiri

71 2663 169 2722 muudi
178 2664 399 2739 magnitudinem
409 2682 495 2740 posse
507 2665 670 2722 arbitretur?
698 2665 789 2734 Atque
800 2663 856 2719 hoc

72 2739 146 2799 idem
161 2742 191 2799 in
205 2743 337 2818 parentis,
353 2743 382 2799 in
397 2741 480 2798 amici
494 2760 524 2798 re
538 2751 585 2798 aut
603 2740 728 2816 periculo
750 2739 854 2796 iecerit.

72 2818 180 2884 Quibus
189 2821 272 2877 rebus
281 2820 452 2894 intelligitur,
462 2818 561 2876 studiis
569 2815 856 2892 officiisquenscientiae
