1882 3216
103 181 159 239 11⁰
339 233 342 238 Α
397 175 444 224 nn
460 173 619 224 eunicus

102 321 212 382 Ferme
227 331 318 380 autern
332 319 464 397 dignitas,
474 319 577 377 eoloris
591 319 715 377 bonitate
727 316 833 376 tuenda
843 325 903 382 est;

101 400 179 460 color
191 400 436 458 exercitationibus
449 399 586 475 corporis.
626 396 798 455 Adhibenda
806 405 902 474 praete·

60 493 63 498 ’
101 497 149 538 rea
163 479 300 537 munditia
310 490 354 536 eet
365 497 421 536 non
433 478 532 536 odiosa
544 495 637 550 neque
648 477 793 550 exquisita
805 477 900 541 nimis,

102 568 208 618 tanturn
224 577 286 630 quae
301 558 388 634 fugiat
409 568 548 634 agrestem
564 566 593 613 et
606 557 791 614 inhumanam
814 554 901 630 negli-

102 637 235 714 gentiam.
257 637 367 696 Eadent
380 635 636 694 ratioesthabenda
646 633 781 699 vestitus;
794 634 900 706 inquo,

101 717 175 774 sicut
188 716 217 772 in
234 716 375 792 plerisque
389 717 483 780 rebus,
501 714 679 772 rnediocritas
695 715 805 789 optima
816 725 870 770 est.

143 793 312 853 Cavendum
327 805 419 853 autern
432 805 485 860 est,
500 812 536 850 ne
550 806 597 852 aut
608 793 780 850 tarditatibus
795 804 905 850 utamur

102 873 131 932 in
152 873 280 951 ingressu
303 875 489 942 mollioribus,
511 883 542 930 nt
570 890 737 948 pompamm
759 871 901 930 ferculis*

104 954 214 1012 similes
236 972 300 1012 esse
317 954 478 1019 videamnrt
494 951 584 1010 autin
601 949 830 1008 festinationibus
846 969 906 1007 sus·

103 1033 241 1110 cipiamus
252 1033 355 1091 nimias
370 1033 546 1092 celeritates:
563 1047 625 1101 quae
640 1048 704 1098 cum
719 1029 801 1095 fiunt,
818 1029 904 1086 anhe-

102 1111 169 1170 litus
185 1125 342 1178 moventur,
366 1111 457 1172 vultus
480 1119 629 1174 mutantur,
651 1127 700 1165 ora
714 1119 902 1180 torquentur;

101 1209 141 1250 ex
155 1192 257 1264 quibus
272 1211 374 1267 magna
394 1189 563 1265 significatio
585 1187 626 1255 fit,
640 1206 699 1244 non
713 1186 814 1246 adesse
836 1206 902 1244 con·

103 1271 244 1326 stantiam.
286 1269 343 1326 Sed
370 1269 457 1325 multo
482 1269 567 1324 etiam
589 1267 678 1342 magis
699 1265 901 1324 elaborandum

103 1357 157 1414 est,
171 1365 208 1404 ne
223 1348 309 1403 animi
324 1357 417 1403 ructus
432 1366 448 1402 a
462 1357 559 1404 natura
569 1346 717 1403 recedant:
733 1345 812 1418 quod
826 1364 902 1402 asse·
934 1397 935 1404 ,

104 1442 232 1498 quemur‚
248 1425 274 1480 si
287 1425 460 1490 cavebimus,
477 1443 511 1482 ne
527 1426 554 1482 in
570 1425 793 1501 perturbationes
817 1438 902 1498 atque

94 1502 326 1574 ‚exanimationes
343 1502 510 1569 incidamus
526 1517 554 1560 et
568 1505 591 1560 si
605 1515 723 1560 attentos
742 1507 855 1562 animos
868 1503 903 1560 ad
934 1529 935 1583 t

104 1579 214 1638 decoris
228 1582 470 1639 conservationem
483 1583 652 1642 tenebimus.
693 1579 793 1640 Motus
808 1594 901 1640 autem

103 1659 262 1718 animorum
282 1659 410 1737 duplices
425 1671 500 1728 sunt,
516 1661 595 1718 alteri
616 1662 807 1736 cogitationis,
823 1661 902 1719 alteri

103 1739 253 1816 appetitus.
294 1739 437 1816 Cogitatio
456 1741 484 1798 in
499 1759 566 1798 vero
581 1740 755 1813 exquirendo
778 1741 902 1798 maxime

103 1830 248 1877 versatur:
265 1820 405 1896 appetitus
418 1819 538 1896 impellit
551 1819 585 1879 nd
598 1819 748 1896 agendum.
791 1815 902 1877 Ouran·
933 1885 934 1896 χ

103 1897 170 1957 durn
186 1909 230 1956 est
243 1900 336 1978 igitur,
349 1909 378 1958 ut
389 1899 558 1975 cogitatione
571 1899 604 1956 ad
621 1917 665 1955 res
681 1917 764 1971 quain
777 1899 901 1974 optimas
933 1899 934 1932 ³

103 1990 223 2045 utamur,
238 1979 393 2056 appetitum
409 1978 509 2035 rationi
525 1978 704 2036 obedientem
716 1979 902 2054 prebeamus.
933 1943 934 2015 l

105 2169 195 2230 cte.
215 2169 391 2262 XXXVII..
411 2169 456 2227 De
470 2177 534 2228 arte
543 2168 773 2262 pronuntiandi,
789 2177 855 2229 tum
868 2169 903 2228 in

264 2256 445 2332 contentione
460 2257 524 2306 tum
538 2265 572 2307 ut
586 2267 728 2308 sermone.

142 2396 191 2456 En
209 2397 343 2470 quoniam
357 2415 459 2473 magna
473 2398 515 2454 vis
530 2399 664 2466 orationis
679 2408 731 2466 est,
747 2417 838 2472 eaque
853 2399 904 2456 du·

352 2561 518 2612 CHAPTER
534 2563 649 2613 xxxvl.

136 2660 278 2712 'Ferculin
310 2665 324 2689 ‘¹
334 2660 364 2708 In
381 2661 469 2723 quibus
485 2677 554 2711 sacra
566 2671 591 2712 et
607 2664 748 2722 simulacra,
765 2665 906 2714 lentissimo
931 2657 932 2692 t

104 2725 446 2787 incessuciroumferentur.”
480 2727 577 2779 Erasm.

201 2798 215 2821 “
222 2791 265 2840 Nil
274 2790 366 2852 aequale
378 2791 472 2840 homini
484 2791 531 2840 fuit
542 2793 577 2840 illi
586 2809 592 2840 ι
601 2809 667 2856 ¹sepe
678 2794 745 2843 velut
754 2793 805 2857 qui,

200 2855 327 2912 Cernebat,
338 2854 436 2920 fitgiens
447 2858 540 2905 hostem
551 2872 558 2914 ;
570 2873 677 2920 persepe
688 2859 756 2908 velut
766 2860 810 2922 qui

201 2917 307 2968 Junonis
315 2921 493 2970 mcmferret”
683 2922 685 2926 ’

595 2985 693 3036 Honun.
705 2987 760 3038 Sat.
773 2987 789 3037 i.
801 2989 825 3037 u
