1890 3224
90 211 149 266 296
388 203 434 250 un
452 199 605 250 urricus.

91 348 147 414 Qui
169 347 222 404 Jus
244 346 327 423 igitur
342 341 494 420 jurandum
515 341 608 408 violat,
622 341 647 397 is
667 339 767 400 Fidem
782 340 877 408 violat,

92 445 176 497 quam
191 427 219 482 in
235 423 377 499 Capitolio
391 423 512 478 vicinam
526 419 607 476 Jovis
621 418 730 494 Optimi
745 419 878 488 Maximi,
921 423 925 430 ⁴

91 505 165 560 utin
180 502 297 559 tlatonis
311 501 436 558 oratione
451 509 503 566 est,
518 497 638 573 majores
650 499 738 555 nostri
751 515 816 554 esse
830 516 879 556 vo·
933 501 935 510 ⁴

93 581 230 638 luerunt*

131 659 169 716 At
188 658 264 714 onim
285 675 320 714 ne
337 657 422 713 iratus
437 653 551 727 quidem
564 652 675 728 Jupiter
689 653 753 727 plns
767 653 880 730 Regulo
933 621 935 648 Ι

93 735 246 804 nocuisset,
261 754 344 808 quam
359 735 412 791 sibi
427 734 522 790 nocuit
535 733 597 808 ipsc
612 731 747 807 Regulus.
781 731 879 800 Certe,

92 815 118 871 si
139 814 211 872 nihil
230 814 335 872 malum
355 822 439 879 esset,
454 812 511 868 nisi
523 811 628 867 dolere.
668 809 699 866 ld
713 818 808 867 autem
821 829 880 869 non

90 892 177 950 modo
206 909 359 957 summum,
378 889 427 947 sed
454 907 490 946 ne
517 889 623 946 malum
651 887 778 960 quidem†
804 907 879 956 csse,

93 971 217 1028 maxima
227 970 386 1028 auctoritate
398 967 561 1044 philosophi
573 965 718 1024 affirmant.
751 967 880 1032 Quorum

94 1048 206 1120 quidem
221 1057 320 1105 testem
334 1065 392 1104 non
405 1043 585 1109 mediocrem,
601 1044 652 1100 sed
665 1043 740 1101 haud
754 1045 816 1102 scio
830 1049 881 1118 anst

94 1127 301 1201 gravissimum,
316 1125 467 1200 Regulum,
481 1122 578 1189 nolite,
593 1141 699 1194 quaeso,
712 1123 877 1198 vituperare.

94 1203 186 1269 Quem
202 1204 278 1261 enim
288 1203 497 1278 locupletiorem
510 1202 669 1272 quaerimus,
682 1218 767 1271 quam
778 1201 879 1276 princi·

95 1300 160 1358 pem
182 1281 280 1357 populi
300 1281 432 1346 Romani,
448 1281 496 1352 qui
516 1278 653 1336 retinendi
673 1277 761 1336 officii
782 1297 880 1336 caussa

94 1360 246 1416 cruciatum
261 1359 376 1415 subierit
389 1357 593 1414 voluntarium?
615 1357 691 1414 Nam
705 1356 783 1428 quod
794 1358 877 1422 aiunt,

94 1435 216 1492 Minima
235 1435 269 1492 de
285 1435 365 1492 malis
378 1453 386 1501 ;
407 1434 436 1490 id
449 1444 502 1501 est,
514 1443 545 1491 ut
558 1435 673 1511 turpiter
686 1435 783 1510 potius
796 1453 879 1507 quum

125 1643 139 1671 ⁸
157 1636 407 1688 Fidem-uoluerunt.
439 1639 523 1689 Numa
539 1640 672 1703 Pompilius
688 1641 811 1690 isssidto
821 1640 882 1689 hove

92 1703 218 1752 dedicated
229 1703 270 1752 the
281 1704 333 1752 firt
344 1705 432 1767 temple
444 1711 469 1754 to
480 1705 529 1754 this
540 1705 649 1769 divinity.
682 1704 882 1762 PlutinNumu,
933 1733 934 1753 t

94 1768 197 1832 Dionys.
213 1769 310 1818 Helii.
343 1769 398 1818 “Ut
418 1770 476 1817 fides
497 1777 524 1818 ut
543 1786 620 1827 mens,
636 1786 696 1832 quns
715 1771 743 1818 iu
762 1771 883 1832 Capitolio

93 1833 215 1882 dedicetus
239 1834 346 1890 videmus
368 1834 476 1896 proxime
496 1851 511 1882 u
530 1833 566 1882 M.
585 1833 687 1882 AEmilio
706 1835 806 1893 Scauro,
827 1841 883 1884 unte
931 1871 933 1894 ,

93 1905 175 1948 nutem
191 1899 221 1946 uh
237 1899 313 1946 Atilio
328 1899 439 1948 Colutino
456 1905 507 1947 erut
518 1897 591 1947 Fides
603 1901 767 1948 consecratw
800 1900 884 1948 DeN.
932 1913 933 1916 ’

94 1962 245 2012 Deor.xxiii.

33 2045 38 2062 κ
126 2027 421 2091 †Nonmodo-puidem.
453 2028 539 2076 Cicero
550 2027 616 2076 olion
627 2028 884 2092 employsnonmodo,
931 2039 932 2079 t

95 2091 393 2150 fornonmodonomnd
408 2107 456 2140 non
466 2091 806 2141 solumforoonsolumnon.
840 2097 884 2151 As,
928 2135 931 2164 ,

94 2155 166 2204 Ruso.
182 2157 239 2204 Am.
261 2156 300 2204 2³.
323 2163 468 2220 “propterea
486 2157 631 2219 quod—non
653 2157 725 2206 modo
747 2157 803 2206 sine
826 2174 886 2208 curt
930 2169 931 2196 t

94 2220 312 2283 quiesceresedue
323 2222 415 2283 spirare
426 2221 523 2284 quidem
534 2221 586 2270 sine
597 2228 665 2270 metu
676 2225 802 2283 possunt”
836 2223 886 2271 Pis„
930 2211 931 2243 ¹

95 2283 133 2330 10.
165 2285 285 2332 “Senatui
292 2301 341 2333 non
349 2287 427 2336 solum
433 2288 518 2350 juvare
525 2287 887 2352 rempublioum,sednelugere

94 2347 191 2408 quidem
211 2347 306 2397 licere”
340 2351 381 2400 Or.
398 2352 414 2399 i.
430 2351 467 2398 46.
500 2351 606 2414 “Neque
625 2351 704 2399 solum
726 2351 886 2401 inscientiam
929 2345 930 2405 i

94 2428 175 2462 mecm
184 2413 226 2460 sed
234 2429 265 2461 ne
274 2429 353 2462 rerum
364 2416 495 2477 quidemm
545 2416 662 2465 itndinem
670 2416 813 2478 perspicit.”
831 2417 887 2466 'I'he

95 2478 185 2526 second
195 2478 306 2541 negative
317 2478 339 2525 is
350 2486 393 2527 not
403 2479 653 2544 uniformyomitted.
685 2479 887 2544 Scheller,p.75.
928 2507 929 2569 p

95 2542 179 2589 thinks
190 2542 284 2600 indeed,
295 2543 347 2590 that
358 2544 398 2590 the
409 2545 534 2593 occasions
544 2546 625 2594 where
636 2545 693 2594 both
703 2547 835 2610 negativos
846 2563 888 2596 ure

95 2606 210 2663 retained,
221 2621 262 2653 ure
279 2621 345 2652 more
361 2606 472 2667 frequent
488 2610 547 2657 than
562 2609 630 2658 those
642 2609 723 2657 where
740 2611 782 2658 the
794 2613 888 2662 second

95 2667 117 2713 is
134 2669 241 2716 omitted.
274 2669 328 2716 The
344 2669 426 2730 ellipse
443 2673 561 2735 certuinly
578 2689 677 2734 appears
697 2673 779 2722 hcrsh.
816 2677 889 2726 Alter
925 2633 928 2731 i

93 2743 215 2777 summum
221 2749 231 2786 ,·
249 2731 339 2779 mulum
356 2731 376 2778 is
393 2733 544 2783 understood.
576 2736 706 2786 Gernhurd
720 2739 804 2800 plooes
816 2742 844 2800 it,
856 2757 888 2789 on
926 2777 927 2790 .

94 2789 134 2836 the
145 2794 268 2856 authority
277 2793 307 2842 of
312 2795 402 2844 several
414 2795 484 2844 MSS.
496 2798 522 2845 in
534 2799 572 2846 his
583 2806 639 2848 text.

127 2851 137 2898 i
154 2853 230 2902 thud
241 2859 290 2903 scio
300 2872 341 2904 an.
374 2858 419 2904 See
431 2857 459 2905 L.
471 2860 486 2905 i.
498 2876 518 2907 c.
531 2863 566 2908 11.
580 2870 642 2911 note.
