1890 3224
82 173 142 232 256
200 205 202 210 ·
362 173 411 220 DE
429 171 582 224 omens.

82 313 253 374 existimant.
282 313 331 374 Ex
342 333 398 388 quo
406 315 525 389 'Ennius
538 322 557 349 ‘⁶
565 312 763 386 Nequicquam
775 319 885 390 sapere
927 283 929 366 i

83 395 311 472 sapientem,qui
330 395 393 470 ipse
413 396 467 453 sibi
493 391 627 470 prodesse
654 411 712 450 non
735 393 886 464 quiret.”*
928 407 929 410 ’

82 471 158 532 Vere
172 471 201 528 id
212 471 336 544 quidem,
351 475 386 539 si,
402 474 470 545 quid
481 484 557 530 esset
564 470 713 548 prodesse,
724 472 797 528 mini
811 489 882 529 eum

82 551 179 612 Ennio
192 551 379 613 conveniret.†

122 629 297 688 Hecatonem
317 629 430 702 quidem
452 629 607 694 Rhodium,
629 628 802 704 discipulum
824 629 882 687 Pa-

81 708 167 774 naetii,
182 708 265 766 video
281 711 311 768 in
332 709 368 766 iis
388 709 477 774 libris,
494 725 565 780 quos
587 707 621 764 de
637 707 737 764 officiis
761 709 881 784 scripsit

83 786 119 853 Q.
134 786 308 863 Tuberoni,‡
318 787 426 854 dicere;
449 787 591 862 Sapientis
606 805 679 852 esse,
692 786 763 843 nihil
777 797 880 843 contra

82 883 186 932 mores,
201 866 289 942 leges,
305 868 429 924 instituta
444 865 608 930 facientem:
624 866 725 922 habere
737 865 878 922 rationem
931 879 932 904 ¹

82 946 124 1003 rei
143 944 315 1020 familiaris.§
357 945 458 1017 Neque
473 944 549 1002 enim
569 943 663 1000 solum
677 941 759 1000 nobis
773 942 878 1000 divites

82 1029 147 1082 esse
174 1024 314 1091 volumus,
344 1023 395 1080 sed
426 1023 532 1088 liberis,
557 1023 734 1098 propinquis,
764 1022 875 1090 amiciS,
932 1052 933 1062 ,

82 1101 262 1175 maximeque
276 1103 317 1160 rei
331 1103 459 1179 publice.
501 1100 683 1175 Singulorum
697 1101 775 1158 enim
788 1098 876 1157 sacul-

82 1189 154 1240 tates
169 1192 198 1240 et
211 1183 310 1258 eopiae,
325 1181 429 1239 divitioe
445 1189 510 1236 sunt
523 1178 653 1236 civitatis.
695 1179 785 1246 Huiell
799 1179 875 1235 Sca-

82 1260 154 1317 volae
168 1259 280 1328 lactum,
292 1259 327 1317 de
342 1279 398 1332 quo
410 1258 502 1336 paullo
514 1268 576 1314 ante
591 1257 661 1326 dixi,
673 1257 784 1334 plaeere
796 1258 875 1315 nullo

82 1337 168 1396 modo
181 1348 281 1413 potest.
309 1337 425 1399 Etenim
436 1338 485 1409 qui
497 1337 613 1395 omnino
625 1345 733 1394 tanturn
747 1355 779 1394 se
793 1345 876 1413 negat

81 1415 218 1474 facturum
239 1415 401 1491 compendii
415 1417 459 1472 sui
481 1433 591 1482 caussa,
612 1415 689 1486 quod
702 1434 761 1473 non
781 1415 873 1482 liceat,
934 1449 935 1458 κ

45 1545 47 1550 ,
81 1493 149 1554 huic
160 1510 212 1550 neo
224 1493 283 1550 laus
295 1513 397 1568 magua
410 1493 564 1561 tribuenda,
579 1512 633 1550 nee
647 1495 735 1570 gratia
748 1504 801 1552 est.

121 1571 180 1630 Sed
193 1573 254 1632 sive
274 1571 417 1633 simulatio
431 1582 460 1630 et
472 1571 660 1630 dissimulatio
681 1573 762 1631 dolus
784 1573 873 1631 malus

112 1744 127 1775 '¹
140 1741 247 1792 Ennius.
278 1743 350 1792 Cited
360 1742 425 1802 also;
438 1742 484 1806 Ep.
495 1744 526 1792 ad
542 1742 612 1792 Fam.
623 1744 663 1793 rii.
675 1744 697 1792 6.
729 1743 786 1793 The
797 1743 874 1792 words

82 1807 111 1856 of
123 1806 220 1858 Ennius
230 1825 318 1873 appear·
328 1814 354 1858 to
364 1809 402 1869 be,
413 1806 464 1866 Qui
473 1809 524 1872 ipse
535 1809 581 1858 sibi
593 1809 690 1872 sepiens
700 1811 815 1871 prodesse
826 1825 874 1857 non

81 1874 329 1938 quit-nequidquam
340 1875 410 1937 sepit.
441 1874 553 1922 Column.
568 1874 633 1922 Eun.
644 1874 745 1938 Fragm.
756 1875 812 1923 210.
845 1873 874 1922 In

83 1953 98 1988 a
108 1939 178 1988 letter
185 1945 210 1989 to
218 1940 309 1999 Caesar,
317 1939 369 1988 xiii.
379 1940 416 1998 15,
427 1938 512 1988 Cicero
521 1939 603 1987 citese
612 1939 661 1987 line
672 1940 737 1988 from
744 1939 874 2002 Euripides

82 2009 108 2054 to
119 2005 160 2054 the
176 2021 244 2054 same
258 2005 337 2064 effect,
347 2004 429 2054 which
446 2003 467 2052 is
485 2011 528 2053 not
539 2004 614 2052 found
632 2005 659 2052 in
674 2021 725 2068 any
736 2006 841 2070 trsgedy
851 2001 879 2053 of

83 2069 135 2150 that
154 2069 241 2148 author
258 2085 314 2119 now
333 2068 479 2134 remaining.
513 2073 584 2118 Μισῶ
606 2072 724 2134 σοφιστὴν
742 2069 810 2124 ieret
828 2071 872 2137 οὐχ

83 2151 292 2272 ιυῖψθῖιζιῖξίἰζιί.
325 2195 401 2247 Tusc.
412 2197 444 2254 Q.
452 2197 488 2258 iii.
502 2199 540 2247 19.
565 2199 732 2248 “Conveniret
743 2200 808 2248 mihi
819 2213 874 2248 oum

83 2262 212 2325 Epicuro.”
234 2262 320 2312 Cicero
331 2269 447 2326 suspecte,
458 2262 511 2312 that
521 2263 548 2311 in
559 2263 677 2312 Ennius's
688 2263 881 2328 acceptationes

79 2327 200 2392 prodesse,
208 2327 310 2391 worldly
339 2329 380 2378 nin
391 2330 412 2377 is
424 2328 494 2376 alone
513 2328 539 2376 in
549 2329 618 2386 view,
629 2330 712 2378 whilst
722 2330 749 2378 in
760 2330 801 2378 his
813 2347 876 2388 own,

83 2392 123 2441 the
135 2392 194 2441 utile
205 2394 253 2440 and
264 2393 304 2441 the
374 2401 438 2441 mum
450 2408 491 2440 are
502 2393 659 2456 inseparuble.

116 2458 126 2510 l
140 2456 264 2506 lichenem.
297 2458 328 2515 Q.
339 2459 420 2506 AElius
432 2456 537 2517 Tubero,
549 2476 593 2506 son
605 2459 634 2508 of
645 2476 660 2507 a
671 2459 792 2523 daughter
806 2459 837 2508 of
848 2459 876 2507 L.

45 2575 49 2582 ,
83 2522 199 2572 AEmilius
210 2523 324 2571 Paullus:
340 2530 428 2585 praetor
444 2522 475 2569 A.
486 2523 517 2571 U.
525 2524 552 2572 C.
569 2524 622 2572 6³0.
655 2525 695 2572 He
706 2541 758 2573 was
775 2525 877 2582 aStoic,

83 2589 131 2635 and
146 2588 168 2638 is
183 2588 249 2636 oden
265 2589 353 2634 named
371 2588 386 2634 b
418 2585 511 2636 Cicero.
543 2588 603 2636 Lael.
615 2604 635 2636 c.
648 2590 685 2638 ll.
706 2590 776 2638 Brut.
792 2605 815 2638 e.
831 2589 876 2638 ³1:
935 2633 936 2638 ,

82 2667 126 2713 pro
136 2651 251 2700 Muraena
261 2651 299 2708 36,
310 2650 382 2698 unde
418 2651 506 2699 where.

114 2713 412 2776 §Habere—familiaris:
428 2719 453 2761 to
467 2731 514 2778 pay
526 2715 575 2762 due
590 2717 709 2764 attention
725 2722 750 2765 to
762 2718 802 2766 his
819 2722 875 2766 own

81 2776 187 2824 interest.

115 2839 125 2893 ΙΙ
137 2839 210 2886 Huic.
242 2837 370 2886 Scevola’s
381 2839 485 2890 conduct
502 2843 581 2891 would
590 2849 634 2891 not
645 2844 706 2892 hers
717 2851 769 2892 met
780 2845 822 2894 the
834 2861 874 2910 ep·

81 2901 204 2958 probation
215 2901 245 2947 os
255 2901 356 2949 Hecate.
835 2916 837 2928 ¹
934 2907 936 2926 ¹
