1882 3216
300 175 394 228 utut.
412 177 490 229 GAP.
501 178 594 230 XLIV.
787 179 842 236 12⁰

53 325 250 394 postmortem
264 316 454 380 monumentis
469 321 622 380 litterarum
643 329 841 394 assequuntur.

54 395 119 454 Nec
128 396 584 476 enimlocueulluepraetermiseus
594 410 638 458 est
648 403 682 459 ab
692 402 740 468 iis,
750 397 844 474 quiad

52 473 143 550 leges,
157 476 206 546 qui
219 476 255 533 ad
268 495 372 546 mores,
394 479 443 550 qui
456 479 492 536 ad
505 477 575 537 disci
596 480 683 538 linem
697 480 738 538 roi
752 478 843 556 publi-

53 571 95 609 cce
109 554 276 629 pertineret;
297 567 328 614 ut
344 557 432 614 otium
446 570 528 615 suum
609 567 736 616 nostrum
757 575 843 633 nego·

53 631 126 689 tium
148 633 300 690 contulisse
314 634 486 693 videantur.*
525 635 568 693 Ite
581 636 622 694 illi
641 635 698 712 ipsi
709 635 842 694 doctrinre

53 708 155 766 sttrdiic
169 719 198 766 et
210 712 353 787 sapientire
367 711 462 781 dediti,
482 711 518 770 ad
537 713 686 772 hominum
696 714 842 772 utilitatem

54 805 137 844 cuam
159 789 370 864 intelligentiam
397 789 627 867 prudentiamque
662 792 842 868 potirsimum

54 865 210 924 conferunt.
252 867 296 926 Ob
311 887 428 941 eamque
442 887 571 928 caussam
595 871 690 942 eloqui
714 871 842 946 copiose,

53 941 140 1002 modo
154 944 312 1020 prudenter,
327 948 429 1004 melius
443 957 497 1014 est,
512 965 595 1018 quam
614 949 659 1004 vel
681 949 843 1005 acutissime

54 1022 118 1079 eine
131 1023 292 1094 eloquentie
305 1027 426 1101 cogitare
440 1045 447 1082 :
470 1024 546 1096 quod
566 1025 698 1101 cogitatio
712 1026 787 1082 inse
801 1025 844 1101 ip·

55 1117 88 1156 sa
97 1102 220 1169 vertitur,
230 1103 389 1176 eloquentia
400 1103 593 1179 complectitur
602 1121 663 1170 eos,
675 1103 843 1175 quibuscum

55 1179 253 1238 communitate
269 1182 361 1258 juncti
371 1199 480 1239 numus.

93 1257 187 1329 Atque
198 1268 230 1316 ut
239 1261 333 1335 epium
347 1260 479 1318 examina
490 1278 547 1318 non
560 1259 755 1336 fingendorum
769 1257 845 1318 savo-

54 1354 116 1394 rum
138 1354 238 1395 caussa
251 1347 463 1414 congregantur,
478 1338 538 1406 sed,
554 1357 617 1398 cum
637 1337 845 1414 congregabilia

59 1424 159 1472 nature
171 1415 237 1483 sint,
251 1416 361 1492 fingtmt
374 1416 470 1475 favos:
491 1417 534 1474 sic
547 1417 688 1485 homines,
702 1435 735 1474 ac
755 1416 845 1474 multo

58 1493 143 1550 etiarn
165 1494 266 1570 magle,
286 1505 383 1551 nature
403 1497 572 1572 congregati,
593 1495 724 1554 adhibent
743 1493 845 1570 egendi

59 1570 255 1647 cogitandique
279 1572 441 1630 sollertiam.
481 1574 579 1644 Itaque
609 1574 665 1631 nisi
689 1591 723 1632 ea
746 1575 845 1640 virtue,

58 1666 120 1721 qure
149 1657 258 1706 constat
283 1665 320 1704 ex
346 1649 508 1706 hominibus
536 1651 658 1718 tuendis,
686 1649 715 1708 id
739 1660 782 1708 eet
807 1668 845 1708 ex

59 1727 192 1786 societate
217 1727 327 1802 generis
355 1725 482 1793 humani,
515 1728 629 1802 attingat
655 1729 845 1803 cognitionem

58 1824 162 1872 rerum,
177 1805 302 1880 solivaga
315 1804 439 1880 cognitio
453 1814 481 1860 ct
489 1805 589 1880 jejuna
601 1803 736 1863 videatur.
762 1805 846 1875 Item·

59 1901 113 1956 que
127 1882 289 1958 magnitudo
312 1883 408 1951 animi,
426 1893 534 1939 remota
558 1883 756 1940 communitate
780 1901 846 1942 eon·

56 1962 257 2038 junctioneque
279 1961 411 2030 humana,
435 1961 529 2018 feritas
552 1960 589 2017 sit
613 1961 740 2032 quaedem
753 1969 782 2018 et
794 1961 847 2018 irn-

59 2041 186 2098 manitas.
227 2039 270 2097 lta
290 2040 332 2108 fit,
355 2049 386 2097 ut
412 2040 507 2098 vincat
530 2038 697 2116 cognitionis
721 2037 845 2098 studium

60 2119 231 2178 consociatio
246 2119 394 2177 hominum
409 2128 491 2194 etque
505 2117 702 2176 communitae.

96 2197 161 2256 Nec
174 2215 272 2254 verum
286 2206 339 2265 est,
354 2196 429 2269 quod
438 2197 564 2256 dicituro
574 2197 751 2269 quibusdam,
762 2215 847 2276 prop-

59 2283 98 2334 ter
116 2263 316 2335 necessilatem
336 2273 410 2344 vitoe,
426 2276 502 2347 quod
515 2295 558 2344 ea,
573 2293 635 2349 quae
654 2286 752 2338 natura
773 2276 848 2335 desi-

60 2353 174 2422 deraret,
190 2355 328 2426 coneequi
342 2354 404 2412 sine
418 2355 480 2411 eliis
496 2365 577 2427 atque
592 2354 703 2413 efficere
714 2374 772 2414 non
781 2375 847 2433 pos·

60 2451 163 2501 semus,
180 2432 284 2490 idcirco
305 2433 403 2490 initam
422 2451 486 2490 esse
508 2451 573 2492 oum
594 2433 756 2492 hominibus
770 2452 847 2491 corn·

60 2513 233 2579 munitatem,
249 2522 277 2568 et
290 2510 470 2570 societatem:
493 2511 568 2585 quod
590 2512 615 2569 si
638 2511 734 2571 omnia
752 2511 845 2578 nobis,

91 2717 256 2768 *Gontulc’cce
273 2719 409 2768 videantur.
450 2716 549 2782 llcuglr
560 2713 765 2782 tleytlremceloer
782 2712 848 2786 lived

61 2779 203 2912 35:203,
211 2783 273 2834 their
282 2784 360 2846 efferte
371 2799 433 2833 were
442 2781 548 2831 directed
556 2789 579 2830 tc
588 2782 624 2843 fit
634 2778 712 2868 otlterc
722 2777 766 2839 sor
776 2790 792 2824 c
803 2775 847 2839 lese
