1882 3216
332 146 397 198 arn.
408 147 441 196 11.
452 146 584 240 'crau
811 149 866 208 lar

120 288 296 348 occuratur*
309 296 403 348 autem
422 289 515 356 nobis,
529 299 558 348 et
577 288 691 363 quidem
705 309 722 348 a
735 289 825 348 doctis
839 299 868 350 et

82 367 204 434 eruditis,
225 368 423 440 quarentibus,
444 369 548 432 satisne
569 369 752 437 constanter,†
776 369 868 428 facere

79 447 230 512 videamur,
246 446 305 518 qui,
321 464 386 504 cum
407 447 515 523 percipi
535 447 606 505 nihil
627 467 712 523 posse
726 448 864 515 dicamus,

83 536 175 584 amen
188 534 216 581 et
228 525 291 582 aliis
306 523 437 582 derebus
452 525 588 583 disserere
603 527 754 595 soleamus,
769 537 798 584 et
810 527 866 584 boc

81 606 146 682 ipso
159 614 281 680 tempore
295 613 434 680 praecepta
447 603 534 662 officii
547 623 757 680 persequamur.
797 606 867 673 Qui·

81 685 135 742 bus
154 683 252 741 vellem
273 683 341 739 satis
363 683 475 760 cognita
499 693 575 741 esset
598 695 693 742 nostm
717 685 865 744 sententia.

81 763 150 822 Non
176 762 250 818 enim
278 779 376 818 snmus
403 761 434 827 ii,
462 780 581 834 quorum
609 773 723 838 vagetur
753 765 864 837 animus

82 857 183 908 errore,
196 857 249 896 nec
262 839 363 897 habeat
375 858 509 913 unquam,
524 840 591 912 quid
611 849 752 913 sequatur.
793 841 864 908 Ques

81 919 156 982 enim
176 928 253 976 esset
273 918 326 976 ista
347 937 438 984 mens,
459 919 504 975 vel
519 937 589 991 xquae
610 920 668 976 vita
689 921 793 995 potius,
807 939 866 979 non

81 997 165 1057 modo
191 995 361 1073 disputandi,
385 995 436 1054 sed
464 996 576 1054 vivendi
603 997 709 1055 ratione
736 999 864 1056 sublatal

81 1077 145 1136 Nos
166 1085 268 1143 autern,
282 1085 314 1133 ut
324 1076 425 1148 ceteri‡
438 1074 492 1131 alia
506 1084 590 1141 certa,
605 1075 659 1132 alia
678 1076 784 1133 incerta
801 1095 866 1136 esse

80 1155 186 1222 dicunt,
208 1154 250 1211 sio
272 1156 308 1212 ab
330 1155 376 1212 bis
397 1153 605 1222 dissentientes,
626 1153 680 1210 alia
701 1155 863 1230 probabilia,

76 1242 172 1293 contra
186 1232 239 1289 alia
252 1232 382 1291 dicimus.
594 1234 597 1239 ’

120 1311 195 1378 Quid
209 1320 253 1368 est
265 1312 358 1387 igitur,
370 1307 446 1383 quod
459 1329 506 1368 me
520 1309 664 1388 impediat,
677 1329 783 1385 eaquae
793 1311 865 1370 mihi

75 1389 231 1470 probabilia
250 1390 406 1456 videantur,
425 1391 530 1462 sequit
551 1409 613 1464 quae
636 1400 740 1460 contra,
762 1392 866 1466 impro-

75 1473 160 1528 bare:
197 1478 279 1541 atque
313 1467 469 1526 affirmandi
503 1471 687 1547 arrogantiam
721 1471 864 1536 vitantem,

75 1549 174 1625 lugere
207 1547 400 1614 temeritatem,
433 1565 495 1620 quae
529 1567 546 1605 a
579 1549 716 1625 sapientia
749 1548 867 1607 dissidet

74 1626 252 1704 plurimum!
294 1623 401 1684 Contra
425 1635 518 1683 autam
545 1630 641 1684 omnia
667 1627 824 1703 disputatur
850 1646 866 1683 a

74 1703 280 1776 nostris,quod
304 1705 360 1762 hoc
385 1705 480 1780 ipsum
506 1706 649 1780 probabile
673 1707 783 1764 elucere
808 1723 865 1763 non

75 1785 180 1862 possit,
193 1783 297 1840 nisiex
307 1792 423 1856 utraque
434 1792 521 1858 parte,
534 1801 694 1841 caussarum
709 1792 785 1841 esset
795 1783 867 1840 sacta

73 1862 232 1920 contentio.
272 1861 328 1919 Sed
341 1862 402 1918 haec
415 1861 564 1936 explanata
573 1870 639 1917 sunt
649 1863 678 1918 in
690 1861 866 1919 Academicis

73 1942 182 2000 nostris
196 1941 275 2007 satis,
288 1949 320 1997 nt
336 1940 464 2005 arbitror,
479 1939 634 2015 diligenter.
675 1939 743 1996 Tibi
763 1950 867 2007 autem,

71 2021 114 2078 mi
128 2019 246 2085 Cicero,
256 2036 415 2092 quanquam
430 2019 460 2075 in
474 2018 670 2090 antiquissima
679 2017 867 2076 nobilissima·

73 2115 132 2172 que
156 2097 366 2175 philosophia,§
387 2095 525 2174 Cratippo
545 2107 666 2166 auctore,
686 2096 817 2165 versaris,
832 2097 868 2154 iis

105 2241 122 2273 ὓ
140 2237 304 2288 oceanum:
320 2238 374 2286 itia
385 2235 495 2301 om'ected.
621 2263 626 2273 ·

103 2303 119 2356 l
136 2304 236 2352 Satisne
247 2309 390 2352 emansor.
415 2301 481 2352 With
490 2318 507 2372 p
519 2301 566 2351 dae
576 2303 668 2368 regard
678 2312 702 2353 ta
712 2305 868 2370 consistency.

105 2367 118 2420 l
140 2369 174 2418 Ut
192 2369 273 2417 ceteri.
304 2367 393 2417 “Ordo
410 2368 529 2416 sermonis
547 2371 706 2430 perturbatior
730 2376 767 2419 est
784 2376 809 2419 et
827 2371 866 2420 ob

69 2447 164 2482 saurus
182 2432 369 2497 amphibolofflb.
401 2432 442 2481 Sic
460 2433 566 2482 ordinari
584 2439 675 2496 potesta
707 2435 760 2485 Nos
777 2435 868 2483 dissen-

72 2497 168 2548 tientes
178 2499 209 2548 sb
219 2498 266 2556 his,
277 2513 381 2560 nemque
396 2497 491 2557 Stoicis,
503 2497 545 2561 qui
562 2499 611 2547 alia
626 2501 712 2550 dicunt
726 2517 779 2549 esse
795 2504 868 2556 certa,

71 2562 123 2612 iilia
133 2564 238 2622 ineerta,
248 2564 311 2612 sicut
327 2569 352 2612 et
367 2563 441 2611 ceteri
457 2563 590 2612 academici
601 2564 754 2624 dissentim
764 2563 869 2613 dicimus

26 2649 29 2656 Δ
70 2627 277 2692 cllaprobabilia,
289 2628 337 2678 alia
347 2628 537 2691 improbabilia.”
570 2629 667 2680 Ernsm.
735 2677 747 2689 ,

105 2692 120 2753 d
137 2693 303 2759 Philosophia.
335 2693 390 2742 The
407 2693 553 2754 Peripatelic
568 2701 632 2752 seet;
651 2702 677 2744 to
692 2694 775 2742 whose
789 2697 868 2738 terrm

71 2756 144 2808 tboae
156 2759 286 2809 embraced
297 2760 330 2822 by
338 2758 431 2815 Cicero,
440 2757 534 2822 though
545 2766 589 2808 not
596 2757 735 2820 identieally
744 2757 784 2804 the
793 2769 868 2812 same,

72 2824 163 2890 nearly
175 2822 464 2888 approachcd-finitima
473 2824 567 2923 ceptris.
