1890 3224
286 194 592 246 Lm.n1.cAP.x1x.
625 183 628 187 ’
791 199 849 254 zon

52 337 186 397 hicnon
206 347 315 406 noceat,
331 338 380 411 qui
402 337 524 412 quodam
545 339 626 411 quasi
646 341 773 398 veneno*
787 359 849 417 per-

51 417 142 483 ficiat,
157 425 190 473 ut
209 434 289 473 veros
311 417 428 475 heredes
450 428 570 484 moveat,
586 418 615 476 in
636 435 733 476 eorum
753 419 847 476 locum

50 497 119 573 ipse
141 494 294 552 succedatl
335 495 403 554 Nou
424 497 508 572 igitur
531 497 622 566 saciat,
645 496 748 554 dixerit
773 499 848 569 quis,

51 572 131 648 quod
154 573 221 630 utile
243 575 289 640 sir,
306 573 380 645 quod
401 574 554 650 expediat?
594 575 686 634 Immo
701 576 846 653 intelligat,

49 652 128 712 nihil
149 669 201 710 nec
222 651 365 728 expedire,
381 671 434 711 nec
447 654 514 710 utile
529 671 603 721 esse,
619 653 694 727 quod
709 655 746 711 sit
760 654 847 732 injus·

51 740 134 794 tum:
157 730 212 787 hoc
232 732 281 803 qui
303 749 362 790 uon
383 731 520 800 didicerit,
536 734 626 790 bouus
647 731 691 789 vir
711 751 848 801 essenon

73 809 167 868 oterit.

50 829 72 888 p
94 887 251 946 Fimbriam
265 887 456 951 consularem
465 887 610 946 audiebam
621 887 656 946 de
665 898 742 964 patre
751 899 848 968 nostro

73 984 136 1034 uer,
153 965 279 1042 judicem
301 966 344 1024 M.
366 967 477 1024 Lutatio
497 966 619 1023 Pinthiae
640 966 738 1032 luisse,
759 969 846 1040 equiti

102 1064 187 1102 mano
198 1063 266 1102 sane
275 1045 405 1111 honesto,
414 1063 480 1102 cum
492 1044 516 1101 is
528 1046 711 1120 sponsionem
724 1044 846 1115 lecisset,

51 1142 87 1182 rar
102 1142 153 1181 ura
166 1141 258 1180 nouus
272 1126 395 1196 assuutss
415 1125 508 1195 itaque
523 1123 549 1179 ei
561 1122 669 1180 dixisse
681 1123 846 1193 Fimbriam,

51 1221 85 1260 se
125 1201 200 1259 illam
229 1219 288 1259 rem
316 1220 459 1273 nunquam
489 1200 699 1277 judicaturum
735 1220 771 1259 ue
800 1213 848 1260 aut

52 1279 192 1357 spoliaret
204 1279 277 1337 lama
291 1281 438 1355 probatum
451 1280 606 1347 hominem,
622 1280 648 1336 si
667 1291 762 1338 contra
771 1280 847 1356 judi·

51 1367 166 1426 casset;
187 1369 234 1416 aut
247 1359 378 1415 statuisse
394 1359 542 1426 videretur,
557 1361 648 1416 virum
664 1360 768 1418 bonum
782 1378 846 1418 esse

51 1438 189 1510 aliquem,
210 1455 276 1494 curn
300 1456 334 1494 ea
356 1456 401 1494 res
426 1437 675 1495 innumerabilibus
696 1437 798 1496 officiis
819 1447 848 1496 et

49 1515 183 1573 laudibus
215 1516 413 1573 contineretur.
455 1516 532 1574 Huic
560 1517 645 1593 igitur
672 1517 732 1575 viro
761 1518 845 1586 bono,

51 1612 140 1667 quem
156 1594 280 1652 Fimbria
294 1594 388 1661 etiam,
403 1613 461 1652 non
476 1595 560 1652 modo
575 1595 704 1653 Socrates
720 1607 844 1664 noverat,

49 1674 132 1730 nullo
140 1673 226 1731 modo
236 1673 322 1730 videri
336 1684 429 1749 potest
439 1672 591 1744 quidquam
603 1692 667 1730 esse
679 1675 757 1742 utile,
771 1675 845 1747 quod

48 1769 111 1810 non
132 1751 282 1810 honestum
303 1752 350 1809 sit.
392 1751 490 1823 ltaque
512 1751 573 1807 talis
595 1752 637 1808 vir
659 1769 717 1809 uon
742 1753 844 1828 modo§

82 1908 99 1941 ⁴*
118 1905 297 1965 Qui—ocosse.
332 1906 368 1955 Aa
380 1906 405 1971 is
413 1905 442 1971 by
452 1921 516 1955 ronta
526 1907 608 1971 magia
619 1911 667 1954 art.

82 1971 96 2025 †
113 1971 248 2021 Fimbriam
275 1971 433 2020 amalorum.
465 1971 558 2020 Lucius
587 1970 697 2022 Fimbria
718 1987 770 2020 was
798 1972 845 2020 col.

46 2037 138 2151 ἔξω
150 2038 211 2087 with
220 2037 249 2087 C.
261 2037 356 2086 Marius
370 2037 396 2085 in
411 2037 450 2085 his
466 2037 556 2086 second
568 2036 714 2100 consulship,
727 2037 759 2085 A.
774 2035 805 2086 U.
817 2037 846 2086 C.

83 2167 93 2220 l
110 2166 368 2232 &pumicatos-essm
401 2165 433 2214 In
444 2167 486 2215 the
496 2165 649 2231 progressos
658 2165 779 2215 aRoman
796 2166 846 2217 suit

47 2238 76 2281 at
91 2232 147 2290 law,
159 2248 191 2281 an
207 2238 370 2297 engagement
385 2248 437 2280 was
452 2231 614 2296 occasionally
634 2232 732 2281 entered
748 2231 807 2293 into,
818 2249 846 2282 or

47 2315 65 2347 a
81 2297 176 2360 deposit
192 2297 222 2346 of
233 2313 321 2361 money
338 2297 409 2345 made
424 2298 458 2361 hy
474 2314 520 2346 one
537 2297 566 2346 us
576 2298 618 2346 the
634 2297 732 2363 litigant
747 2299 847 2360 partios,

47 2363 134 2414 which
156 2362 187 2412 he
210 2362 300 2427 agreed
322 2361 409 2410 should
431 2363 461 2410 be
478 2361 588 2411 forfeited
605 2360 632 2411 in
647 2378 703 2412 case
719 2362 760 2413 the
776 2364 845 2413 other

48 2435 122 2493 party
138 2428 210 2477 could
225 2427 348 2485 establish‚
364 2443 392 2475 or
408 2427 439 2476 he
454 2427 558 2476 himself
575 2427 646 2477 could
666 2436 709 2478 not
731 2429 846 2478 estahlish

48 2500 241 2609 illlata&
251 2492 845 2622 llllalldfflnltlltb‘lssffl

48 2626 113 2674 been
133 2623 273 2688 impugned
289 2624 322 2688 hy
338 2624 379 2672 the
394 2629 470 2672 terma
486 2622 516 2672 of
533 2623 582 2673 this
598 2626 699 2688 mensio,
716 2624 805 2687 agreed
819 2629 845 2672 to

50 2689 134 2740 forfeit
148 2705 165 2737 a
180 2688 272 2737 certain
288 2704 351 2747 sum,
363 2688 389 2736 in
406 2703 461 2737 case
477 2688 498 2738 it
513 2689 585 2738 could
601 2691 630 2739 he
647 2687 734 2753 proved
750 2687 802 2736 that
812 2687 844 2737 he

51 2771 104 2805 was
115 2761 160 2804 not
169 2770 186 2802 a
196 2769 254 2802 man
265 2751 295 2803 of
300 2753 425 2819 integrity.
798 2771 804 2778 ·

84 2819 170 2880 §Noa
180 2817 257 2867 modo.
290 2817 339 2867 For
351 2817 541 2867 conmodorum,

414 2886 469 2941 23*
