1896 3220
88 195 126 249 30
365 189 413 236 DE
431 185 582 236 unumne

90 411 179 470 OAP.
193 411 231 469 X.
259 407 417 468 Jnrttrtam
439 405 614 467 commutari
633 423 726 483 quum
745 411 879 484 tempora

130 496 368 625 ‘cionemutunturr
396 506 456 546 non
477 487 578 546 omnin
592 485 744 564 promitto
758 503 879 545 nervuu-
939 523 940 552 ι

150 587 168 625 α
182 586 251 625 eree.

130 713 191 769 Suu
219 712 346 770 incidunt
373 729 450 787 saepe
477 719 613 786 temporo,
640 727 706 766 curn
739 727 784 776 ea,
814 727 878 782 quae

91 792 215 849 maxime
230 790 358 848 videntur
370 790 456 866 digna
466 806 530 846 esee
540 789 619 865 justo
633 788 759 854 homine,
774 805 877 861 eoque,

90 888 174 941 quem
190 874 279 927 virum
294 871 398 926 bonnm
422 867 552 934 dicimus,
572 869 778 924 commutantur
797 867 880 925 fiunt-

92 967 145 1020 que
160 948 323 1006 contraria.*
356 948 405 1015 Ut,
428 946 543 1004 reddere
566 946 737 1022 depositum,
758 947 881 1021 promie-

91 1045 154 1084 eum
170 1027 270 1094 facere,
286 1046 404 1099 quaeque
427 1027 568 1103 pertinent
581 1023 616 1082 ad
630 1025 773 1094 veritatem
795 1033 824 1082 et
846 1023 883 1082 nd

91 1106 187 1173 tidem,
209 1125 242 1163 ea
267 1107 386 1181 migrare
409 1103 559 1170 interdum,
581 1113 610 1160 et
633 1119 829 1170 uouemere,
849 1102 884 1160 tit

88 1184 352 1260 justumt'Reterri
374 1184 451 1239 enim
471 1181 552 1238 decet
578 1180 613 1237 ad
634 1199 678 1248 en,
706 1198 768 1253 quae
796 1181 883 1258 potui

92 1260 276 1338 [principio]
291 1260 471 1317 fundamenta
487 1259 622 1335 justitiae:
644 1259 778 1335 primum,
794 1267 825 1318 ut
846 1278 883 1318 ne

92 1340 138 1396 oui
160 1348 311 1404 noceatur3
332 1337 444 1404 deinde,
460 1349 491 1394 ut
510 1337 654 1395 communi
676 1337 805 1414 uulintiss
824 1357 883 1398 ser·

91 1428 191 1474 vtetur.

132 1494 264 1551 Eccum
288 1495 430 1568 tempore§
456 1502 672 1562 commutantur,
695 1503 885 1553 commutetur

93 1573 228 1638 officium,
243 1581 338 1628 etnon
359 1590 473 1648 semper
493 1581 536 1628 est
560 1572 645 1630 idem.
687 1573 787 1632 Potest
806 1576 884 1632 enim

93 1645 220 1708 decidere
235 1651 409 1727 promissum
430 1651 544 1724 aliquod
563 1660 592 1709 et
614 1661 796 1721 conventum,
810 1664 843 1711 nt
855 1651 885 1710 id

299 1865 301 1872 v
384 1842 544 1892 CHAPTER
559 1843 589 1890 X.

125 1971 140 2005 ⁴*
155 1973 276 2035 Fiuntque
287 1969 416 2019 contrariu.
451 1971 550 2032 change
561 1967 623 2017 their
633 1973 720 2019 nutem
731 1969 783 2018 und
792 1985 885 2036 cernue

94 2051 110 2084 u
121 2042 233 2098 contrary
244 2036 372 2082 cttnructer.

126 2105 136 2154 t
148 2101 205 2147 Non
214 2111 306 2146 eernere
311 2097 344 2160 fit
351 2096 457 2160 Juctum.
488 2097 569 2144 These
580 2111 650 2144 cnseo
661 2097 756 2158 eriring
765 2098 832 2146 trorn
845 2101 888 2148 the

95 2164 196 2210 conflict
212 2164 241 2208 ot
256 2161 369 2219 opposite
381 2161 470 2217 dtrties,
482 2161 576 2222 though
596 2171 639 2207 not
655 2163 685 2207 ot
700 2176 760 2222 very
771 2163 889 2223 frequent
940 2173 941 2188 ³

95 2239 251 2285 occurrence,
271 2232 313 2282 yet
329 2225 468 2270 sometimes
479 2225 599 2284 certainty
611 2225 666 2285 gire
684 2225 747 2271 birth
767 2234 793 2273 to
816 2236 891 2288 great
940 2211 941 2266 i

94 2289 240 2338 difficulties.
265 2288 292 2334 in
309 2289 351 2334 the
364 2288 428 2346 right
440 2288 547 2334 decision
565 2290 595 2334 ot
607 2291 685 2346 these,
705 2289 754 2335 urtd
767 2297 810 2336 not
830 2306 890 2338 cou-

95 2353 215 2414 founding
232 2353 272 2398 the
292 2352 344 2398 rute
361 2352 417 2397 rrith
430 2353 471 2397 the
488 2352 627 2410 exception,
646 2359 699 2398 true
721 2353 824 2401 wisdom
845 2369 891 2415 tp·

93 2429 176 2476 pecte.
212 2417 238 2462 tn
254 2416 295 2462 the
305 2415 364 2462 toth
377 2415 479 2473 chapter
490 2415 519 2459 ot
528 2414 568 2460 the
580 2415 613 2462 3d
625 2417 688 2462 book
700 2416 748 2462 thir
759 2417 859 2479 subject
870 2419 891 2465 is

96 2479 335 2541 egninconsidcred.

128 2546 140 2601 ss
155 2541 283 2590 Communi
294 2541 403 2589 utilitati.
428 2543 445 2570 “
454 2541 482 2586 ld
496 2548 533 2587 ert
545 2541 615 2602 (says
627 2542 756 2606 Erasmus)
769 2551 822 2592 tum
835 2545 890 2608 eju·

96 2608 138 2668 qui
150 2614 251 2666 prestet
258 2605 362 2666 justum,
374 2613 425 2650 tum
438 2603 501 2650 iitiue
519 2605 542 2650 in
561 2620 632 2664 quern
644 2610 801 2664 presteturt'
835 2609 891 2658 The

96 2685 165 2717 more
175 2669 245 2715 urunt
257 2669 443 2727 interpretation
456 2667 534 2731 ie,sor
545 2668 583 2716 the
591 2669 675 2730 public
686 2669 781 2734 benefit.

129 2733 143 2797 §
156 2735 193 2780 Eu
205 2745 259 2779 eum
271 2736 382 2793 ternpore.
415 2731 487 2778 Some
504 2733 596 2778 editore
608 2733 671 2778 here
691 2734 799 2793 adopted
812 2751 892 2799 quum

95 2799 212 2858 temporo,
223 2797 268 2842 but
277 2803 320 2840 not
330 2809 362 2840 on
373 2793 493 2840 sufficient
504 2795 637 2854 authority.
668 2795 708 2842 En
719 2799 796 2844 retem
809 2808 836 2846 to
848 2802 892 2847 the

98 2861 232 2920 preceding
244 2857 336 2906 nemini
355 2871 445 2918 necne,
456 2859 505 2904 und
523 2856 645 2905 commune·
661 2857 765 2908 ututur·
784 2862 892 2912 mire:
