1882 3216
273 193 277 198 .
312 158 377 205 LlB.
392 156 411 204 l.
432 155 510 208 CAP.
521 158 627 206 xxxu.
812 159 863 212 lOl

78 301 225 368 lescentia,
247 319 314 358 cum
334 309 377 358 est
400 301 524 358 maxima
546 301 722 358 imbecillitas
744 299 866 367 consilii,

78 391 141 438 tum
156 379 184 437 id
198 380 253 438 sibi
273 379 392 452 quisque
418 397 505 456 genus
531 381 617 437 aetatis
643 379 776 456 degendae
801 397 867 436 oon·

79 460 181 526 stituit,
197 458 273 531 quod
296 458 420 515 maxime
441 458 586 516 adamavit.
627 458 724 531 ltaque
739 468 802 515 ente
815 458 868 514 im-

79 538 200 614 plicatur
227 537 320 610 aliquo
348 547 423 594 certo
451 556 551 613 genere
577 556 715 610 cursuque
743 535 866 604 vivendi,

80 635 167 689 quarn
182 617 281 692 potuit,
297 614 373 686 quod
386 616 524 690 optimum
538 628 622 684 esset,
633 616 768 692 judicare.

123 695 153 752 N
155 713 199 752 am
215 693 290 766 quod
301 693 454 752 Herculem
468 694 647 754 Prodioium*
659 695 754 754 dicunt
770 693 812 773 (ut
824 703 868 752 est

81 773 158 850 apud
189 773 435 849 Xenophontem't)
464 791 529 833 cum
553 774 675 849 primum
703 775 868 849 pubesceret

80 851 174 931 (quod
186 862 297 927 tempus
310 871 326 908 a
338 862 435 909 natura
448 851 483 908 ad
494 851 682 928 deligendum,
695 871 778 925 quam
793 852 868 924 quis-

80 949 136 1004 que
152 931 227 987 viam
246 929 359 987 vivendi
379 930 417 986 sit
435 930 622 1006 ingressurus,
637 929 729 986 datum
752 927 805 1006 est)
821 948 868 988 ex-

80 1011 138 1067 isse
153 1009 184 1066 in
198 1005 387 1076 solitudinem,
403 1017 485 1080 atque
499 1008 539 1064 ibi
553 1007 697 1065 sedentem
711 1007 758 1064 diu
772 1025 868 1065 secum

79 1089 258 1158 multumque
282 1086 433 1153 dubitasse,
461 1103 526 1142 eum
554 1085 622 1145 duas
647 1095 771 1145 cerneret
798 1086 868 1151 vias,

81 1185 171 1224 unam
192 1167 362 1240 Voluptatis,
378 1166 491 1222 alteram
505 1165 634 1230 Virtutis,
649 1174 739 1220 utram
760 1162 868 1240 ingredi

80 1245 184 1302 melius
197 1255 289 1311 esset3
312 1247 366 1302 hoc
381 1243 595 1310 Herculi,Jovis
610 1251 672 1300 satu
683 1243 770 1310 edito,
780 1242 871 1317 potuit

81 1324 202 1382 sortasse
220 1324 399 1398 contingere:
430 1323 513 1380 nobis
535 1341 593 1379 non
615 1321 693 1389 item,
710 1322 758 1394 qui
780 1321 870 1380 imita·

80 1422 155 1467 mur,
169 1385 240 1475 quds
252 1402 353 1472 cuique
367 1401 459 1459 visum
468 1410 519 1469 est,
530 1395 611 1474 atque
623 1400 657 1459 ad
671 1420 768 1458 eorum
779 1399 870 1457 studia

81 1482 264 1552 institutaque
285 1480 465 1555 impellimur.
506 1480 675 1552 Plerumque
697 1490 799 1546 autern,
822 1497 869 1554 pa·

83 1561 222 1632 rentiumss
235 1559 381 1635 praeceptis
396 1559 505 1626 imbuti,
527 1559 561 1615 ad
575 1577 672 1617 eorum
693 1556 870 1628 consuetudi-

81 1658 149 1696 nem
184 1655 348 1710 moremque
382 1633 553 1694 deducimur.
603 1637 662 1694 Alii
695 1635 869 1694 mulitudinis

78 1717 189 1792 judicio
204 1715 336 1783 seruntur,
353 1733 470 1787 quaeque
484 1716 583 1791 majori
597 1715 668 1790 parti
683 1714 870 1806 pulcherrima

83 1795 224 1861 videntur,
239 1814 273 1851 ea
285 1795 408 1851 maxime
423 1803 564 1867 exoptant.
607 1792 759 1853 Nonnulli
776 1803 870 1851 tamen

81 1875 144 1935 sive
158 1873 289 1932 felicitate
312 1872 440 1947 quadarn,
464 1871 523 1928 sive
537 1871 659 1928 bonitate
673 1880 788 1936 nature,
809 1871 869 1926 sive

12 1959 14 2022 l
83 1952 244 2030 parentium
256 1951 414 2028 disciplina,
425 1960 530 2010 rectam
540 1950 604 2006 vitae
615 1948 704 2004 secuti
713 1959 778 2010 sunt
786 1948 870 2008 viam.

116 2110 133 2141 ¹*
144 2106 274 2163 Herculem
290 2107 440 2156 Prodiciam.
455 2105 580 2164 Prodicus,
591 2123 607 2154 a
623 2105 703 2154 notive
714 2103 743 2152 of
753 2105 808 2162 Cos,
820 2119 871 2152 was

12 2215 13 2220 ,
82 2174 127 2222 the
137 2173 241 2238 original
252 2173 338 2221 author
349 2173 378 2222 of
389 2173 429 2221 the
439 2173 545 2236 allegory
554 2171 584 2221 of
594 2172 635 2220 the
644 2169 727 2219 choice
739 2169 768 2218 ol'
778 2170 871 2218 Hereu-

84 2241 127 2288 les.
160 2238 270 2299 Xenoph.
286 2238 362 2286 Mem.
377 2239 417 2286 lib.
433 2238 459 2285 ii.
492 2237 529 2301 By
547 2235 675 2286 Herculem
692 2233 833 2284 Producam
850 2235 871 2284 is

84 2311 177 2362 meant,
193 2303 310 2352 Hercules
322 2303 384 2367 apud
396 2301 527 2351 Prodicum
534 2321 544 2361 ,·
560 2319 587 2352 as
605 2302 632 2350 in
644 2317 699 2365 ,esp
711 2301 743 2350 ix.
759 2306 774 2330 ‘⁶
781 2301 871 2350 Teren-

84 2364 319 2420 lianusChremes.”

119 2431 328 2496 †Xenophontcm.
355 2432 507 2482 Memorabil.
518 2432 543 2480 ii.
555 2432 576 2480 l.

120 2499 294 2551 tParentiam.
321 2499 383 2548 This
403 2497 508 2562 genitive
529 2498 551 2545 is
569 2496 698 2546 attributed
708 2497 741 2560 by
753 2495 871 2551 Priscian,

12 2579 13 2610 ι
85 2565 128 2612 vii.
141 2563 194 2611 772.
205 2570 231 2610 to
241 2562 333 2612 Cicero.
367 2563 390 2612 It
401 2564 422 2610 is
433 2563 490 2610 here
502 2562 618 2611 admitted
629 2563 661 2626 by
667 2562 709 2610 the
720 2561 871 2622 Heusingers

86 2631 136 2678 and
152 2628 287 2686 Gernhard,
302 2645 334 2676 on
350 2629 390 2677 the
402 2628 524 2692 authority
536 2627 564 2676 of
575 2630 618 2676 but
635 2643 681 2675 one
699 2625 766 2680 MS.;
788 2623 820 2670 all
830 2624 872 2670 the

12 2719 14 2764 p
86 2695 169 2742 others
180 2701 206 2741 to
216 2693 298 2741 which
309 2694 358 2741 the'
366 2692 517 2758 Heusingors
533 2693 581 2740 had
596 2707 685 2748 access,
697 2691 729 2736 all
746 2687 812 2748 early
823 2687 871 2732 edi-

12 2765 17 2806 l
88 2767 146 2816 tots,
158 2760 206 2805 and
216 2759 258 2806 tho
268 2766 374 2808 extracts
386 2759 448 2808 from
461 2759 531 2814 Bode,
544 2758 602 2805 have
609 2760 744 2820 parendum·

349 2841 604 2900 ,pri
