1888 3222
71 178 129 234 2θο
305 125 309 131 .
359 175 407 224 DE
425 171 579 225 cantens,

111 319 150 376 At
161 334 228 374 vero
248 317 365 374 Aratus*
387 315 540 393 Sicyonius
558 315 622 392 jure
642 311 778 383 laudator,
798 312 863 388 qui,

74 415 137 455 cum
158 397 218 471 ejus
243 395 340 452 civitas
368 395 570 470 quinquaginta
590 411 678 451 annos
701 394 864 469 atyrannis

73 485 220 540 teneretur,
235 472 376 548 profectus
396 472 481 548 Argis
504 469 670 548 Sicyonem,
685 470 866 540 clandestino

47 596 50 602 .
73 553 187 618 introitu
200 551 268 608 urbe
283 560 326 608 est
338 551 454 626 potitus.
496 549 627 622 Cumque
641 558 795 624 tyrannum
810 549 867 607 Ni-

73 630 181 687 coclem
194 629 348 705 improviso
358 627 556 706 oppressisset,
571 637 720 685 sexcentos
734 627 864 694 exsules,

74 708 122 781 qui
137 707 244 768 lucrant
257 707 317 784 ejus
339 707 460 764 civitatis
479 705 704 781 locupletissimi,
729 704 865 772 restituit,

74 803 189 858 remque
202 786 343 863 publicam
357 785 476 842 adventu
488 803 539 840 suo
549 784 685 840 liberavit.
727 782 788 840 Sed
797 801 865 841 cunr

74 883 205 940 magnam
219 863 448 922 animadverteret
458 863 487 920 in
498 860 580 919 bonis
594 871 622 918 et
632 861 865 937 possessionibus
935 925 936 930 ἵ

77 943 277 1009 difficultatem,
299 941 375 1014 quod
388 952 416 999 et
436 959 496 1007 eos,
519 959 591 1013 quos
612 939 674 1016 ipse
693 941 864 1007 restituerat,

76 1041 196 1094 quorum
210 1023 283 1080 bona
296 1021 343 1078 alii
357 1019 547 1097 possederant,
557 1036 639 1094 egere
650 1017 867 1089 iniquissimum

77 1101 264 1168 arbitrabatur,
293 1107 321 1157 et
348 1097 548 1174 quinquaginta
580 1114 715 1154 annorum
749 1115 867 1172 posses·

77 1175 172 1237 'siones
194 1179 313 1239 moveri†
326 1195 383 1234 non
403 1175 489 1234 nimis
510 1192 622 1247 acquum
641 1175 765 1250 putabat,
781 1192 868 1250 prop-

26 1297 28 1300 ·
77 1266 153 1314 terea
165 1257 240 1329 quod
259 1265 315 1313 tam
329 1255 414 1330 longo
431 1255 522 1329 spatio
544 1253 631 1314 multa
651 1251 867 1320 hereditatibus,

76 1335 165 1390 multa
177 1334 355 1398 emtionibus,
375 1331 462 1388 multa
483 1331 593 1390 dotibus
616 1332 780 1390 tenebantur
805 1331 869 1388 siue

77 1411 188 1486 injuria,
211 1409 358 1486 judicavit,
379 1427 471 1479 neque
496 1410 562 1476 illis,
588 1408 683 1476 adimi,
703 1428 800 1481 neque
820 1409 868 1467 his

77 1506 135 1545 non
149 1487 288 1554 satisfieri,
308 1504 428 1557 quorum
442 1486 490 1543 illa
505 1487 621 1556 fuerant,
635 1498 775 1563 oportere.

118 1565 192 1622 Ouru
208 1565 291 1640 igitur
305 1563 456 1632 statuisset,
478 1583 549 1640 opus
572 1583 635 1622 csse
660 1565 778 1623 adeam
806 1584 869 1638 reru

78 1643 298 1701 constituendam
319 1642 448 1718 pecunia,
464 1643 661 1702 Alexandriam
675 1661 707 1701 se
720 1644 869 1720 proticisci

79 1720 184 1800 [velle]
199 1721 279 1790 dixit,
294 1723 410 1794 remque
429 1722 566 1798 integram
587 1722 621 1779 ad
640 1721 761 1779 reditum
781 1741 870 1780 suum

74 1801 161 1877 jussit
171 1819 253 1858 osse:
274 1801 355 1873 isque
370 1799 496 1858 celeriter
509 1800 544 1857 ad
555 1800 768 1875 Ptolemaeum
781 1819 871 1858 suum

80 1881 231 1957 hospitem,
246 1881 331 1948 venit,
347 1879 395 1951 qui
409 1875 468 1936 turn
482 1879 614 1954 regnabat
627 1878 694 1937 alter
707 1888 773 1955 post
780 1879 872 1936 Alex·

80 1959 203 2018 andriam
218 1959 376 2017 conditam:
398 1957 444 2014 cui
458 1975 523 2013 cum
537 1957 724 2032 exposuisset,
748 1958 870 2034 patriam

80 2057 111 2096 se
124 2039 241 2101 liberare
263 2037 344 2104 velle,
359 2053 542 2108 caussamque
567 2035 735 2110 docuisset‚§
761 2055 778 2092 a
800 2052 871 2111 rege

112 2192 240 2241 *Arctoa
272 2191 406 2240 Abantides
429 2207 475 2240 ono
493 2191 522 2240 of
532 2149 580 2240 'the
599 2199 694 2256 tyraots
717 2191 747 2240 of
768 2190 873 2256 Sicyon,

80 2256 171 2321 having
184 2254 265 2304 'killesl
281 2255 382 2316 Cliniae,
393 2257 434 2305 the
446 2256 523 2306 father
535 2256 564 2306 os
575 2257 674 2317 Aratus,
684 2257 725 2305 the
736 2257 809 2306 letter
817 2274 873 2306 was

80 2321 190 2370 received
204 2328 229 2369 at
240 2321 328 2394 Argos,
340 2322 388 2370 aud
394 2321 508 2386 brought
525 2338 559 2385 up
574 2323 607 2387 by
624 2322 665 2372 the
681 2321 773 2371 friends
788 2322 820 2372 of
830 2322 873 2371 his

80 2385 173 2448 family.
206 2384 308 2433 Plutia
319 2386 383 2434 Vim

112 2451 126 2502 †
147 2449 253 2499 Moveri:
270 2450 300 2497 ol.
311 2465 444 2498 removere:
461 2449 501 2499 the
513 2458 610 2513 present
620 2451 723 2516 reading
734 2452 755 2500 is
766 2451 873 2515 adomed

80 2517 114 2580 by
126 2515 231 2573 Emcsti‚
242 2513 283 2562 the
294 2514 454 2578 Heusingers,
471 2516 520 2564 and
535 2517 670 2575 Gernhard,
681 2533 713 2566 on
724 2517 765 2566 the
772 2517 835 2566 faith
846 2517 879 2566 of

80 2581 199 2638 Gravius,
211 2579 272 2628 swho
282 2579 356 2628 found
367 2580 387 2628 it
398 2579 424 2626 in
435 2595 481 2628 oue
492 2580 612 2630 MSe-all
623 2583 716 2642 uthere,
734 2583 782 2631 and
801 2583 871 2647 carly

81 2645 191 2703 editions,
202 2659 301 2692 movere.
935 2661 936 2666 ¹

113 2708 123 2758 t
136 2707 308 2755 Ptolemcumr
317 2706 504 2768 Philadelphm3
515 2708 555 2756 the
562 2711 651 2758 second
660 2711 690 2758 of
695 2711 748 2761 that
757 2711 872 2822 ἀγηυῖἷι.

776 2790 809 2822 rm

98 2770 304 2842 'occasumque
329 2770 454 2835 docuisset.
486 2771 545 2820 Hau
567 2773 695 2837 explained
717 2783 740 2823 to
780 2776 785 2786 '
809 2783 811 2788 ’

79 2841 276 2882 ,circumstances
759 2869 761 2876 ν
