1890 3224
284 231 349 282 LIB.
359 232 402 281 III·
423 231 500 283 CAP·
511 233 606 282 xvm.
778 233 837 290 265

41 533 137 592 ΟΑΡ.
158 533 269 592 XVIII.
318 531 383 592 Vtri
402 534 471 594 boni
485 552 555 604 esee,
569 533 648 594 nihil
665 534 741 595 lucri
763 533 837 595 ccci·

76 629 161 691 pere,
177 612 226 670 cui
240 611 435 690 turpitudinis
448 614 521 692 quid
533 614 618 684 insit,
634 613 751 674 etiamsi
772 613 836 673 sinc

84 690 172 770 culpo
185 709 241 750 suc
254 691 365 770 idfieri
372 693 479 769 possit.
872 705 877 714 ·

84 849 322 917 Pumcmrauoa,
338 851 363 906 si
382 850 483 927 placet,
499 851 528 909 in
547 850 583 908 iis
604 842 719 924 quIdem
741 869 837 911 exem·

45 928 114 1006 plis,
129 929 159 986 in
174 929 276 1001 quibus
299 930 409 1006 peccari
423 930 524 1006 vulgus
547 930 695 988 hominum
719 930 837 988 fortasse

44 1025 105 1066 non
125 1018 212 1084 putat.
254 1007 356 1081 Neque
382 1008 458 1066 enim
481 1007 515 1066 de
538 1008 658 1076 sicariis,
681 1009 836 1078 veneficiis,

45 1085 273 1154 testamentariis,
288 1085 406 1155 furibus,
417 1086 624 1162 peculatoribus
638 1087 693 1144 hoc
707 1087 771 1146 loco
781 1085 837 1145 dis·

22 1157 26 1168 '
46 1166 199 1224 serendum
214 1175 273 1233 est3
296 1165 344 1237 qui
358 1184 416 1223 non
428 1166 520 1224 verbis
532 1174 598 1222 sunt
609 1174 637 1223 et
647 1164 837 1243 disputatione

46 1245 294 1321 philosophorum,
309 1244 359 1302 sed
382 1244 483 1302 vinclis
498 1255 525 1302 et
546 1262 657 1302 carcerc
682 1242 836 1322 fatigandi3

46 1323 99 1381 sed
114 1324 174 1381 haec
189 1322 413 1390 consideremus,
430 1341 491 1395 quae
506 1324 612 1381 faciunt
626 1323 655 1391 ii,
670 1324 720 1396 qui
734 1324 837 1381 haben·

46 1413 92 1460 tur
113 1403 190 1461 boni.
231 1401 266 1459 L.
280 1401 403 1460 Minucii
416 1401 515 1471 Basili,
531 1401 679 1479 locupletis
702 1402 837 1464 hominis.

48 1482 152 1540 falsum
165 1490 362 1539 testamentum
376 1478 491 1554 quidam
506 1501 521 1542 c
537 1481 649 1540 Graecia
662 1481 785 1540 Romam
799 1490 838 1538 ut·

48 1561 180 1618 tulerunt.
228 1561 293 1626 Quo
320 1560 429 1618 facilius
457 1563 624 1629 obtinerent,
664 1561 839 1638 scripserunt

48 1639 168 1698 heredes
189 1657 287 1696 secum
308 1639 352 1697 M.
375 1638 512 1697 Crassum
535 1650 563 1697 et
586 1640 622 1706 Q.
639 1639 837 1707 Hortensium,

48 1719 180 1776 homines
195 1717 322 1795 ejusdem
337 1717 424 1775 oetatis
441 1719 675 1792 potentissimos:
697 1719 757 1790 qui,
772 1735 838 1775 cum

48 1797 119 1855 illud
133 1796 233 1854 salsum
247 1815 311 1854 esse
326 1797 543 1872 suspicarentur,
559 1797 614 1856 sibi
625 1805 719 1852 autem
732 1795 838 1852 nullius

48 1888 145 1934 essent
158 1877 266 1934 conscii
280 1877 381 1953 colpae,
394 1875 477 1933 alieni
492 1873 624 1934 facinoris
638 1873 838 1931 munusculum

48 1975 107 2017 non
120 1955 366 2034 repudiaverunt*
406 1953 483 2020 Quid
496 1955 587 2031 ergol
615 1951 698 2010 satin'
714 1951 768 2010 hcc
782 1961 836 2020 est,

305 2206 469 2256 CHAPTER
485 2206 582 2256 XVIII.

82 2341 97 2372 ⁸
109 2336 316 2402 Repudiooerunt.
349 2336 380 2385 In
392 2336 539 2400 concluding
547 2335 588 2384 the
597 2335 644 2384 last
655 2335 762 2398 chapter,
770 2335 838 2384 Cice-

49 2421 78 2453 ro
95 2403 218 2452 intimates
237 2402 275 2451 his
295 2403 470 2465 apprehension
491 2402 543 2450 thet
562 2402 630 2451 there
650 2417 691 2450 ere
714 2401 761 2450 few
783 2402 839 2450 who

50 2468 130 2518 would
140 2474 183 2516 not
199 2467 301 2517 commit
312 2483 344 2516 au
355 2474 395 2516 act
412 2467 441 2516 ot*
454 2468 562 2531 knevery
573 2469 655 2516 where
672 2467 739 2516 there
756 2483 807 2514 was
824 2481 839 2513 a

50 2534 168 2597 certamty
180 2532 210 2582 of
215 2533 329 2597 evolding
341 2533 461 2581 detection
472 2534 521 2581 end
532 2533 705 2596 punishment:
722 2532 770 2579 und
781 2531 838 2578 here

50 2599 168 2662 certainly
180 2615 212 2646 on
228 2598 371 2647 instanceis
388 2598 496 2646 adduced
507 2597 537 2646 of
552 2599 612 2646 such
629 2596 771 2646 conductio
786 2609 839 2658 pcr-

50 2681 107 2714 sons
118 2664 147 2713 of
153 2663 213 2729 high
224 2664 294 2712 ranlr.
327 2663 359 2711 In
368 2679 412 2712 our
422 2680 478 2712 own
489 2663 561 2712 times
573 2665 621 2712 and
632 2667 743 2725 country,
750 2660 770 2709 it
780 2675 839 2725 moy

50 2732 80 2780 be
97 2730 179 2792 hopeu
195 2729 248 2778 thet
266 2729 333 2778 theie
349 2745 390 2777 ere
406 2745 433 2777 es
451 2728 505 2788 few,
553 2730 563 2776 i
579 2728 695 2776 tutentur
709 2725 770 2783 tons,
786 2725 840 2773 thot

51 2795 130 2845 would
141 2795 198 2842 seek
210 2800 235 2843 to
246 2794 361 2843 establish
370 2811 386 2843 e
396 2794 446 2842 will
457 2794 523 2843 whic
551 2794 610 2857 they
625 2806 689 2841 were
700 2789 838 2854 intimately

50 2861 181 2924 persuaded
193 2876 244 2908 was
255 2877 271 2908 e
281 2860 386 2924 forgery,
397 2860 501 2908 because
511 2859 531 2907 it
542 2856 670 2906 contained
679 2872 695 2904 e
705 2857 804 2917 bequest
813 2855 839 2903 in

50 2926 113 2976 their
126 2941 181 2974 own
190 2924 290 2974 favour:
307 2925 362 2984 and,
373 2931 399 2974 et
407 2925 475 2983 least,
486 2939 523 2973 we
530 2924 590 2972 heve
604 2922 645 2971 the
656 2918 844 2970 satisfactiones

402 2995 440 3048 23
