1896 3220
332 152 397 199 LIB.
407 153 428 199 1.
448 151 606 202 CARXXI.
821 153 858 208 dd

74 293 271 369 magistratus;
292 292 327 350 iis
341 310 397 352 non
409 294 494 353 modo
506 315 562 354 non
575 293 661 362 laudi,
669 313 765 354 rerum
778 297 860 354 etiam

75 373 147 430 vitio
175 370 297 429 dandum
325 384 402 448 puto.
443 371 569 440 Quorum
592 373 731 451 judicium
759 375 788 431 in
816 393 860 440 eo,

74 449 153 522 quod
168 449 285 525 gloriam
305 461 493 520 contemnant,
515 462 543 509 et
563 471 614 528 pro
640 452 729 509 nihilo
755 462 862 526 putent,

74 527 193 586 difficile
202 528 275 586 factu
284 540 327 586 est
336 548 392 587 non
401 531 533 606 probare:
556 531 605 588 sed
617 530 861 588 videnturlabores

76 617 106 664 et
116 606 271 674 molestias,
280 617 339 665 tum
347 607 554 667 offensionum*
563 620 591 666 et
600 609 773 685 repulsarum
783 608 863 681 qnasi

78 684 230 757 quamdam
243 687 426 762 ignominiam
441 688 537 746 timere
551 697 579 745 et
598 687 752 744 infamiam.
792 688 864 744 Sunt

79 764 169 830 enim,
185 765 233 835 qui
247 765 276 821 in
290 766 372 822 rebus
384 767 527 824 contrariis
541 785 639 842 parum
651 767 706 823 sibi
717 775 862 823 constent:

78 842 252 916 voluptatem
266 844 444 901 severissime
459 855 647 910 contemnant,
658 845 687 901 in
699 843 794 901 dolore
808 845 865 902 sint

81 920 246 978 molliores:
268 922 385 997 gloriam
398 923 549 998 negligant,
563 923 722 998 frangantur
735 921 863 979 infamia:

81 1010 165 1071 atque
176 1018 212 1070 ¹ea
222 999 337 1072 quidem
350 1001 487 1058 nonsatis
502 1009 670 1058 constanter.
743 1041 746 1045 -

120 1076 180 1134 Sed
199 1078 246 1146 iis,
261 1080 310 1150 qui
329 1079 432 1136 habent
445 1097 462 1134 a
475 1087 571 1135 natura
591 1078 751 1154 adjumenta
774 1095 866 1134 rerum

82 1155 279 1232 gerendarum,
308 1158 415 1233 abjecta
441 1157 519 1214 omni
546 1155 731 1220 cunctatione,
765 1155 866 1230 adipis·

81 1234 166 1291 cendi
181 1235 366 1310 magistratnS,
379 1245 407 1293 et
417 1235 538 1312 gerenda
549 1253 592 1292 res
607 1234 717 1311 publica
729 1245 781 1290 est.
803 1233 866 1290 Nec

81 1311 249 1370 enim'aliter
258 1323 305 1370 aut
312 1315 371 1390 regi
380 1314 487 1380 civitas,
500 1324 546 1373 aut
554 1313 686 1371 declarari
697 1312 782 1370 animi
792 1331 867 1386 mag·

80 1389 182 1458 ,nitudo
202 1401 303 1466 potest.
344 1393 564 1469 Capessentibus
585 1403 677 1450 autem
698 1410 756 1448 retu
777 1391 867 1468 publi-

83 1488 146 1527 cam
168 1470 257 1527 nihilo
274 1471 375 1538 minus,
397 1489 481 1542 quam
500 1471 689 1547 philosophis,
711 1469 785 1528 haud
806 1470 867 1526 scio

83 1567 120 1605 an
135 1549 226 1623 magis
247 1549 339 1615 etiam,
355 1558 384 1606 et
406 1550 622 1625 magnificentia,
638 1559 666 1605 et
686 1547 869 1623 despicientia

84 1624 243 1683 adhibenda
257 1627 294 1682 sit
304 1645 395 1684 rerum
408 1627 601 1693 humanarum,
612 1645 695 1699 quam
707 1644 782 1701 saepe
791 1625 867 1690 dico,

85 1715 120 1780 et
136 1705 316 1776 tranquillitas
337 1705 423 1762 animi
444 1715 525 1777 atque
546 1706 694 1762 securitas:
716 1704 740 1760 si
755 1703 868 1776 quidem

86 1801 139 1840 nec
154 1783 231 1840 anxii
244 1782 329 1840 futuri
349 1794 467 1850 suntet
491 1801 555 1840 curn
578 1783 719 1859 gravitate,
743 1793 870 1838 constan·

117 1926 134 1958 *
151 1923 322 1986 Offeamcaum.
338 1925 532 1973 Commentators
548 1923 618 1972 differ
632 1922 660 1970 in
675 1921 716 1970 the
732 1920 871 1983 interpreta-

85 1989 139 2038 tion
153 1996 179 2037 to
197 1991 227 2037 he
244 1990 381 2054 giventhis
400 1991 473 2039 word.
507 1989 538 2037 ln
553 1989 594 2038 the
614 1987 727 2049 ordinary
745 1987 792 2038 und
808 1991 872 2034 most

86 2053 187 2104 obvious
198 2071 268 2104 sense
279 2055 308 2103 of
317 2054 425 2116 afferrent,
437 2054 552 2118 quarrata
570 2070 602 2102 no
615 2052 752 2118 ignominy,
764 2057 789 2099 at
804 2051 871 2110 least,

86 2135 135 2168 can
146 2120 227 2168 attach
237 2136 270 2169 on
281 2121 354 2168 these.
381 2120 435 2168 The
442 2121 499 2168 verb
509 2117 625 2181 offendere
633 2119 661 2176 is,
670 2117 787 2175 however,
796 2132 872 2164 some-

86 2184 160 2232 times
179 2185 306 2249 employed
324 2187 355 2248 by
370 2184 456 2233 Cicero
473 2185 500 2232 in
521 2185 562 2233 the
584 2200 655 2232 sense
677 2182 706 2232 of
727 2181 768 2230 the
790 2181 872 2230 Greek

86 2249 257 2317 egestatem,
264 2250 410 2312 ametaphor
420 2250 494 2298 talren
502 2248 565 2298 from
576 2248 781 2324 impedimenh'to
788 2247 873 2323 trenel-

86 2313 874 2444 athanaildi0l335.3t}t.⁰fl¹lllt,lttlttlt

88 2451 186 2508 present
205 2445 328 2508 meaning.
360 2444 409 2492 Pro
429 2445 523 2492 Cluent
535 2461 556 2492 c.
567 2444 605 2502 25,
615 2443 701 2492 Cicero
717 2443 825 2506 employa
840 2441 874 2505 os·

81 2509 234 2573 sermionem
251 2508 299 2558 and
310 2509 358 2556 Pro
373 2508 455 2558 Plane.
466 2515 480 2538 ‘⁴
488 2507 709 2570 ffetrsiuaculumss'
725 2506 761 2555 for
772 2505 874 2570 repulse.

88 2574 138 2622 Pro
149 2573 216 2638 Iege
230 2573 316 2623 Manil.
328 2590 348 2622 c.
360 2574 383 2622 9.
414 2574 485 2622 “Hic
503 2573 529 2621 in
549 2574 602 2636 ipso
619 2573 660 2620 illo
679 2571 744 2620 melo
762 2569 874 2634 gravissi-

88 2655 178 2701 maque
189 2639 245 2688 belli
253 2639 402 2700 infertam?
411 2638 448 2687 for
460 2638 544 2702 desem
572 2637 643 2687 Some
655 2636 726 2684 MSS.
735 2640 874 2696 repeattttm

88 2703 171 2754 before
186 2703 347 2768 repulsurum,
359 2705 401 2752 but
417 2704 611 2767 unnecessarily;
628 2703 749 2750 instances
765 2713 837 2746 occur
849 2696 882 2770 of

86 2776 150 2827 tum,
165 2768 269 2818 without
281 2783 339 2816 *enm
355 2769 493 2831 preceding,
508 2783 536 2815 or
551 2773 602 2816 tuna
618 2763 757 2824 followinga
774 2761 820 2810 Ad.
833 2760 874 2807 Dr-

88 2849 152 2883 vers
164 2833 205 2882 lib.
216 2850 238 2883 v.
249 2850 286 2896 ep.
298 2833 335 2882 13.
346 2833 386 2884 lih
397 2833 449 2882 xiii.
459 2848 496 2893 ep.
505 2831 542 2880 4³.
553 2833 601 2880 and
612 2827 747 2878 elsewhere.

463 2900 498 2954 6*
