1896 3220
306 243 309 256 Ι
376 164 600 234 namneus.

136 328 291 379 tumtunm
301 325 371 376 laetu
382 327 413 376 sit
424 343 456 376 an
467 333 551 392 turpe,
563 327 633 392 quod
644 326 668 376 in
681 325 892 377 deliberationem

137 393 222 452 aedita
238 393 345 442 alterum
357 394 514 443 conducatne
532 410 564 443 an
581 400 688 452 noceats
705 393 804 459 reliqua
820 408 892 450 vero,

136 459 181 510 ubi
192 475 249 509 cum
261 459 367 508 honesto
378 469 476 525 pugnat
487 461 512 509 id
525 459 594 526 quod
603 459 703 509 videtur
711 459 781 518 utile,
793 467 819 506 et
831 474 891 508 cum

136 525 202 575 aliud
215 525 262 574 alio
277 525 406 574 honestius
424 532 467 575 aut
484 527 569 576 utilius
587 525 694 584 videtur,
716 533 800 575 utrum
816 525 891 573 alteri

136 592 168 640 sit
179 591 387 655 praeponendum.
421 595 451 640 In
462 598 514 641 tres
526 592 602 657 igitur
617 601 702 656 partes
712 599 791 640 totam
803 590 890 654 dispu-

135 655 256 707 tationem
267 655 400 711 distribuit.
414 673 521 721 quarum
533 657 613 722 prima
624 665 663 706 eat
674 656 702 708 de
712 656 814 732 lmeeto,
829 657 891 705 alte·

135 738 164 772 ra
180 721 208 772 dc
218 720 283 780 utili,
295 723 340 772 sed
352 720 487 788 dupliciter
503 729 620 789 utraque,
634 731 660 772 et
671 724 745 772 tertia
756 723 890 788 decompe-

134 789 227 839 rutinae
237 803 326 838 oonun.
341 805 363 837 c.
377 790 402 838 3.
420 789 531 839 Primum
542 789 648 838 formam
660 790 786 866 qraandam
797 786 891 838 boanti

135 853 239 904 exhibet
259 869 275 902 a
292 861 381 904 natum
396 854 512 904 humana.
527 857 636 916 ductam,
654 871 762 920 ejusque
781 863 892 919 quatuor

134 927 220 1035 partes
236 917 304 979 facit,
321 920 475 986 sapientiam,
491 920 622 987 justitiam,
641 921 842 985 temperantiam,
863 927 889 968 et

145 985 306 1038 ortitudinem
323 1002 368 1036 seu
385 987 583 1054 magnitudinem
595 986 678 1046 animi,
692 1003 725 1036 ex
736 985 830 1052 quibus
841 985 889 1035 sin-

169 1052 199 1102 lis
215 1059 286 1102 certa
304 1053 420 1117 quaedam
436 1054 520 1104 officia
536 1060 680 1112 nascuntur.
697 1065 719 1100 c.
739 1056 763 1102 4.
797 1055 838 1100 Ac
854 1052 889 1100 de

133 1068 172 1168 bil
183 1119 292 1234 ‘gutum
302 1119 416 1183 partibus
426 1127 543 1171 accurate
552 1119 670 1182 disputat,
681 1125 708 1169 et
719 1113 848 1183 qubrnodo
855 1119 888 1166 ab

133 1183 162 1233 iis
173 1201 189 1233 o
218 1185 256 1233 cia
266 1185 391 1233 ducantur
408 1185 524 1248 ostendit.
538 1200 560 1232 e.
572 1185 661 1232 5-42.
698 1183 765 1233 Huic
776 1183 890 1248 disputa·

133 1249 195 1299 tioni
204 1248 308 1313 subjicit
319 1249 351 1296 de
364 1250 550 1312 comparatione
566 1249 674 1310 honesti,
685 1251 719 1300 de
730 1250 831 1310 duobus
842 1249 889 1300 ho-

133 1313 209 1365 nestis
219 1321 305 1363 utrum
315 1312 452 1363 honestius.
472 1331 494 1364 c.
506 1315 546 1364 43.
561 1331 633 1382 seqq.

101 1476 189 1535 GAP.
203 1475 227 1535 Ι.
247 1473 360 1534 Filium
375 1474 509 1535 bortatur
532 1477 640 1549 Cicero,
662 1489 696 1539 ut
716 1499 783 1540 eum
806 1479 888 1539 Gra·

141 1555 182 1614 cis
202 1554 314 1612 Latina
328 1553 499 1632 conjungat,
515 1565 708 1636 aequaturque
722 1567 749 1618 et
758 1559 889 1636 pttiloso·
909 1563 916 1576 ⁴

134 1633 249 1711 plaudi
263 1631 426 1701 scientium,
442 1633 594 1714 etsoreuae
609 1637 724 1698 dicendi
737 1655 844 1715 genus.
928 1656 932 1670 ·

67 1823 72 1835 ·
139 1789 358 1872 Quinctiae,
374 1789 470 1850 Marce
491 1793 749 1871 fili‚*annumjam
772 1796 887 1855 audien·
940 1839 941 1872 p

100 1881 155 1927 tem
170 1867 347 1944 Cratippum,
368 1869 452 1944 idque
472 1873 601 1942 Athenis,
623 1875 762 1932 abundare
776 1889 889 1953 oportet

131 2023 143 2052 '
166 2027 247 2076 Morte
267 2025 319 2088 fili.
355 2027 414 2073 This
437 2028 536 2076 treatise
560 2045 610 2076 was
633 2032 766 2078 addressed
795 2039 820 2078 to
844 2034 886 2080 tbe

98 2104 208 2148 younger
220 2089 307 2136 Cicero
320 2091 389 2134 uben
403 2090 425 2136 in
438 2093 479 2136 the
491 2093 545 2138 utar
557 2109 617 2152 year
628 2096 657 2139 ot
665 2096 702 2142 bis
714 2109 770 2154 age.
803 2097 831 2144 lu
844 2099 886 2144 the

98 2155 149 2200 first
162 2161 276 2200 sentence
289 2155 325 2199 his
339 2154 418 2199 father
435 2169 540 2213 appears
560 2166 585 2203 to
602 2159 714 2206 intimate
733 2161 770 2206 bis
783 2173 886 2208 reasons

100 2219 138 2262 tor
149 2216 280 2278 expecting
292 2219 344 2262 that
357 2217 396 2262 the
409 2233 523 2278 progress
542 2220 565 2268 in
584 2222 693 2284 learning
713 2227 785 2270 made
802 2225 835 2284 br
848 2227 887 2272 his

99 2293 143 2329 aon
156 2281 204 2325 bad
214 2281 274 2326 been
288 2279 455 2328 considerable
464 2285 548 2330 z-lst.
561 2287 662 2344 Athens,
675 2289 715 2333 tire
728 2289 797 2346 place
809 2289 839 2335 ot
848 2291 886 2338 bis

94 2345 184 2401 =albode,
201 2343 251 2388 bad
272 2345 363 2405 always
381 2346 441 2392 been
462 2351 592 2395 renowned
615 2352 653 2396 tor
672 2352 713 2397 the
734 2350 837 2399 number
861 2357 891 2400 οι·

97 2407 197 2454 learned
215 2421 269 2454 men
288 2409 342 2454 who
360 2410 407 2455 bad
429 2409 498 2456 tbere
520 2413 625 2474 resided,
643 2429 671 2460 or
690 2416 802 2462 received
821 2417 888 2465 their

97 2471 243 2528 educatum
261 2471 300 2518 2d.
317 2472 459 2534 Cratippus,
477 2476 532 2521 who
551 2477 600 2523 bad
616 2479 677 2526 been
696 2481 845 2528 established
859 2492 886 2530 at

7 2568 8 2572 ,
98 2535 190 2582 Athens
202 2547 233 2579 on
246 2535 354 2582 Cicero’s
366 2553 420 2584 own
433 2543 693 2590 recommendationis
706 2557 737 2589 an
751 2544 887 2594 instruetur

96 2599 125 2644 ot
132 2597 218 2658 youth,
230 2613 280 2645 was
292 2604 393 2658 reputed
406 2615 452 2648 one
464 2604 493 2648 ot'
501 2605 541 2650 the
553 2614 615 2652 most
627 2607 726 2654 learned
736 2622 790 2653 men
803 2610 834 2655 of
842 2612 886 2658 tlte

97 2676 160 2724 age3
176 2663 216 2709 sd.
234 2660 270 2722 By
282 2664 374 2726 stating
384 2667 425 2712 the
438 2665 523 2724 period
542 2671 571 2714 of
583 2671 624 2717 the
636 2683 719 2730 young
731 2672 810 2718 man's
823 2677 886 2721 resi·

95 2727 181 2784 denec,
192 2725 350 2789 unuumjam,
362 2729 449 2780 Cicero
459 2743 515 2791 may
527 2733 557 2779 be
569 2735 691 2792 supposed
703 2745 729 2779 te
740 2735 793 2780 biut
805 2744 831 2782 at
841 2739 886 2786 tbe

96 2791 373 2900 ἵωρτῖνθεωοιτᾛὴίοὴ
386 2793 410 2840 in
422 2807 449 2841 so
462 2795 517 2856 long
531 2809 547 2842 a
557 2797 770 2858 resideneenngbt
782 2811 885 2849 reason

138 2867 151 2894 r
206 2867 281 2912 expes
327 2891 331 2901 .
