1888 3222
80 217 136 272 105
356 211 404 262 DE
422 211 574 261 opulans.

77 367 219 428 tamqnam
239 355 269 412 in
288 353 443 412 clarissima
462 354 524 410 lnee
545 326 679 420 versetur,
702 353 742 408 ita
754 350 864 410 nullum

928 237 931 282 Ι

78 437 229 493 obaeumm
242 443 335 508 potest
344 451 397 490 nea
410 432 514 490 dietum
526 431 588 506 ejus
600 448 672 498 ease,
685 449 738 488 nea
748 429 863 487 sactum.
931 449 932 496 3

80 514 207 578 Quorum
217 521 308 568 autem
322 512 412 586 prima
423 520 503 566 aestas
515 517 627 584 propter
637 509 827 566 humilitatem
838 515 864 566 et

79 591 275 648 obscuritatem
291 590 320 646 in
335 589 479 645 hominum
493 586 665 662 ignoratione
683 597 821 653 vereatur,
835 585 865 642 hi

81 667 165 724 simul
186 685 217 722 ae
233 667 352 743 juvenes
366 683 429 722 esee
443 673 595 740 oeperunt,
618 680 718 739 magna
738 673 865 740 spectare
933 706 934 722 r

81 755 109 802 et
122 745 157 800 ad
170 745 295 802 careatis
309 743 408 800 studiis
423 742 524 800 debent
533 741 717 800 contendere:
740 741 819 812 quod
832 759 865 800 eo

82 823 204 880 firmiore
225 823 318 879 animo
331 821 517 892 sacientqnia
536 837 594 878 non
614 818 697 876 modo
716 837 775 877 non
797 819 867 876 invi·
934 884 935 904 χ

48 901 52 906 “
82 897 160 958 detur
174 901 214 957 iili
228 901 310 966 aetati
324 917 421 956 varum
435 900 519 956 etiam
532 897 648 954 favetur.

123 979 220 1036 Prima
242 988 286 1036 eet
307 977 390 1053 igitur
409 975 578 1034 adoleseenti
598 975 806 1033 commendatio
833 974 866 1033 ad
934 959 935 970 ¹

84 1057 200 1134 gloriam
214 1057 239 1112 ai
252 1074 308 1128 qua
319 1073 357 1113 ex
370 1055 478 1112 bellicis
491 1054 574 1112 rebus
588 1054 743 1130 comparari
756 1061 867 1129 potest3

84 1136 114 1193 in
136 1154 191 1207 qua
210 1134 291 1192 multi
317 1133 392 1211 apud
412 1134 531 1209 maiores
552 1141 662 1189 nostros
683 1133 867 1188 exstiterunt:

84 1231 197 1289 semper
210 1213 285 1269 enim
308 1212 364 1268 fere
388 1212 460 1268 bella
476 1210 648 1286 gerebantur.
689 1209 755 1266 Tua
774 1219 868 1267 autem

86 1302 151 1350 etas
166 1289 263 1348 incidit
276 1291 305 1346 iu
321 1289 349 1346 id
359 1289 474 1354 bellum,
488 1288 568 1363 cujus
580 1288 665 1345 altera
677 1305 741 1363 pars
753 1287 870 1344 sceleris
936 1301 937 1308 ¹

85 1369 204 1426 nimium
217 1367 322 1434 habuit,
338 1367 422 1422 altera
444 1365 583 1422 felicitatis
598 1384 705 1442 pamm.
746 1365 813 1432 Quo
832 1376 872 1422 ta-

86 1463 152 1503 men
166 1443 291 1511 inbelle,
306 1461 371 1502 oum
384 1453 411 1499 te
425 1442 580 1519 Pompeius
595 1444 644 1501 alae
658 1443 753 1502 alteri*
772 1443 871 1520 prese·

87 1524 181 1588 nisset,
202 1539 332 1596 magnam
351 1520 462 1578 laudam
476 1532 504 1578 at
523 1541 540 1578 a
561 1521 762 1587 summatim,
785 1531 816 1579 et
837 1524 870 1580 ab

87 1600 211 1658 exercitu
225 1600 428 1672 consequebare
443 1599 602 1670 equitando,
617 1599 776 1676 jaculando,
790 1601 871 1658 omni

88 1677 200 1736 militari
221 1677 314 1734 labore
338 1675 490 1734 tolerando.
530 1678 622 1749 Atque
636 1696 670 1734 ea
689 1677 802 1749 quidem
825 1688 872 1735 tua

88 1757 148 1814 laus
164 1751 272 1832 pariter'
285 1775 350 1814 eum
363 1774 393 1812 re
407 1756 519 1831 publica
538 1755 648 1812 cecidit.
688 1755 764 1812 Mihi
777 1764 871 1813 antem

89 1835 150 1892 haeo
163 1835 251 1892 oratio
271 1844 401 1911 suscepta
413 1833 518 1891 nonde
532 1843 559 1890 te
573 1842 626 1898 est.
641 1832 692 1890 sed
712 1832 747 1890 de
769 1851 873 1910 genere

89 1913 171 1976 toton
196 1914 287 1979 Quem
301 1915 336 1972 ob
350 1931 409 1970 rem
421 1929 571 1987 purgamus
583 1911 619 1968 ad
629 1930 671 1979 ea,
683 1930 744 1985 quae
758 1923 874 1972 restant.

130 1993 171 2050 Ut
183 1992 266 2070 igitur
285 1993 315 2049 in
336 1991 450 2063 reliquie
474 1990 556 2047 rebus
581 1990 669 2047 multo
683 1990 789 2066 majora
808 2001 876 2049 sunt

123 2167 138 2198 '¹
150 2163 203 2213 Ale
213 2163 292 2226 alteri.
324 2161 363 2210 Το
373 2162 433 2210 each
443 2162 523 2226 legion
534 2177 599 2210 were
610 2161 720 2210 attached
739 2168 789 2212 two
806 2179 877 2226 equa-

92 2229 165 2278 drona
173 2228 203 2276 of
208 2227 286 2283 horse,
292 2225 373 2273 which
384 2228 485 2275 covered
493 2225 524 2274 ita
533 2226 620 2274 flanka.
651 2227 706 2275 'I'he
713 2229 844 2276 command
853 2227 885 2277 of

92 2309 138 2342 one
154 2292 183 2338 os
195 2291 255 2339 such
273 2290 404 2366 aquadrona
421 2307 472 2340 waa
490 2289 620 2349 conferred‚
634 2291 653 2338 it
665 2307 749 2350 seems,
760 2283 792 2356 by
804 2291 878 2341 Pom-

93 2356 364 2482 {mutuitanti
371 2356 484 2467 iffi
494 2355 880 2471 habundantiam

94 2485 258 2548 employment
269 2483 298 2533 of
308 2483 346 2532 his
357 2484 423 2542 tima,
434 2500 466 2531 on
476 2483 558 2531 which
569 2483 607 2531 his
619 2483 696 2532 father
707 2486 879 2548 comprimente

93 2551 154 2608 him,
165 2563 263 2599 aavoura
274 2564 341 2597 more
352 2547 382 2596 of
392 2548 433 2595 the
444 2547 540 2604 recruit,
548 2547 607 2596 than
615 2549 656 2596 the
667 2548 821 2598 field-officer.

126 2613 190 2666 †De
199 2629 286 2677 genere
297 2619 349 2659 tato.
381 2613 406 2658 A
416 2611 463 2659 few
474 2610 546 2658 MSS.
562 2612 620 2660 bere
631 2613 707 2664 insert
723 2615 853 2676 juvenem,
864 2631 881 2663 a

54 2727 59 2732 ,
94 2679 161 2742 glosa
172 2677 285 2739 probably
296 2676 369 2723 taken
380 2674 441 2721 from
453 2674 493 2722 the
505 2676 608 2740 margin,
615 2677 697 2727 which
707 2677 818 2726 however
830 2679 880 2726 fur.

94 2742 178 2790 niehea
188 2741 229 2789 the
239 2739 354 2801 meaning
365 2745 408 2798 put
418 2754 449 2785 on
460 2739 480 2785 it
491 2738 523 2801 by
535 2741 625 2788 several
636 2741 797 2803 interpretare.
823 2742 882 2791 'l'ha

95 2805 247 2868 Heusingera
258 2803 332 2850 re'eot
341 2801 390 2848 thir
401 2802 524 2866 meaning,
535 2803 583 2852 and
597 2805 670 2872 apply
680 2805 729 2855 this
740 2821 844 2876 passage
855 2813 882 2861 to

96 2867 136 2912 ‘he
144 2819 340 2916 recommendatio
349 2863 382 2912 ad
391 2864 502 2928 gloriam.
