1890 3224
238 175 610 260 ‘mmmm.
779 211 837 267 m

44 365 114 406 eum
136 357 239 427 potest,
255 351 357 428 injuste
380 352 454 419 facit,
467 359 500 408 ut
517 352 547 409 iu
566 351 658 428 primo
679 351 768 410 libro*
782 351 838 409 dis·
881 406 883 409 .

44 429 141 496 serui3
163 430 253 503 qualis
270 431 412 488 habendus
429 441 472 488 est
485 431 520 498 is,
535 431 584 504 qui
597 449 655 488 non
676 430 759 488 modo
780 447 837 488 uon
934 441 935 444 ’

44 508 169 582 repellit,
187 509 235 566 sed
257 509 340 567 etiam
362 509 473 586 adjuvat
492 510 640 586 injuriam?
682 510 758 567 Mihi
777 510 838 582 qui-

46 585 208 644 demetiam
218 605 290 644 verae
302 589 480 650 hereditatem
491 607 546 645 non
560 589 687 644 honestae
700 587 837 659 videntur,

45 663 72 720 si
83 675 152 722 sunt
163 667 309 724 malitiosis
320 667 471 734 blanditiis,
479 666 635 724 officiomm
646 686 701 724 non
712 669 837 732 veritate,

45 743 99 800 sed
119 744 308 812 simulatione,
325 747 457 817 quaesitae.
497 745 583 817 Atqui
597 745 626 802 in
640 746 740 802 talibus
754 747 837 803 rebus

46 822 124 880 aliud
145 823 213 881 utile
234 823 383 891 interdum,
399 823 473 881 aliud
490 824 639 880 honestum
654 824 743 881 videri
757 824 839 881 solet.

46 899 144 959 Falso.
186 901 262 960 Num
278 901 375 959 eadem
389 903 525 967 utilitatis,
541 913 603 974 quae
618 896 782 967 honestatis,
795 911 840 958 est

45 980 154 1056 regula.
195 980 252 1047 Qui
279 980 334 1038 hoo
360 999 417 1038 nou
443 979 602 1056 perviderit,
624 983 657 1038 ab
682 982 737 1038 hoo
762 981 839 1037 nulla

46 1055 123 1115 fraus
145 1059 240 1126 aberit,
255 1059 362 1116 nullum
384 1058 500 1115 sueinus.
542 1059 590 1114 Sic
610 1060 687 1116 enim
701 1059 837 1135 cogitans.

47 1139 105 1197 Est
119 1138 190 1194 istuc
205 1137 316 1209 quidem
339 1135 500 1203 honestum,
516 1155 612 1194 verum
633 1137 688 1194 hoc
708 1136 838 1212 expediti

47 1236 94 1276 res
116 1235 133 1272 a
152 1226 250 1272 natura
267 1215 411 1292 copulatas
437 1214 548 1272 audebit
570 1234 663 1273 errore
688 1215 838 1280 divelleret

50 1297 101 1369 qui
127 1293 191 1353 sons
214 1304 260 1352 est
283 1293 680 1370 lmudium,‡'malefioiomm,
702 1294 841 1352 scelerum

51 1391 192 1433 nmmum.
469 1389 471 1394 ·

52 1541 144 1608 ΟΑΡ.
165 1517 247 1608 Xlll.
295 1546 359 1608 Vtri
372 1547 441 1608 boni
453 1549 551 1608 notio:
566 1567 655 1628 quum
668 1547 784 1629 dffeile
794 1547 842 1608 uir

309 1627 403 1687 donus
417 1629 587 1706 reperiatur.

92 1770 205 1835 lusum:
220 1771 245 1828 si
258 1772 301 1829 vir
313 1771 404 1829 bouus
418 1769 519 1828 habeat
531 1769 604 1827 hane
618 1770 687 1840 vim,
702 1771 726 1828 si
747 1771 842 1850 digitis

53 1851 274 1926 concrepuerit,§
299 1849 391 1926 possit
415 1849 445 1906 in
468 1848 651 1926 locupletium
676 1859 843 1908 testamento

51 1946 159 1987 nomen
179 1929 240 2004 ejus
261 1927 393 2004 irrepere,
408 1930 461 1985 hae
474 1928 503 1984 vi
517 1946 573 1986 nou
587 1938 690 1995 utatur,
705 1947 741 1985 ne
756 1929 781 1986 si
795 1946 843 1988 ex·

53 2007 193 2084 ploratum
221 2006 334 2078 quidem
362 2007 472 2075 habeat,
497 2005 528 2062 id
554 2005 671 2064 omuino
699 2007 843 2065 neminem

53 2103 190 2158 umquem
224 2085 440 2162 suspicatumm.
493 2085 532 2144 At
565 2083 645 2142 dares
681 2084 754 2144 haue
785 2085 843 2144 vim

87 2242 102 2274 ὓ
119 2239 204 2288 Primo
215 2238 282 2289 libro.
314 2240 360 2290 Ch.
370 2239 411 2291 vii.

87 2303 98 2358 l
120 2303 186 2354 Vere
198 2304 349 2354 hereditates.
383 2307 501 2371 Bepuette
517 2304 593 2355 which
613 2321 655 2355 are
673 2305 800 2357 contained
816 2307 844 2355 iu

53 2369 120 2421 wille
132 2376 172 2418 not
184 2369 281 2434 sorged.
614 2399 615 2402 =

87 2442 98 2487 t
113 2433 260 2484 muttum.
292 2435 354 2486 Thi·
365 2435 472 2502 genitive
480 2435 504 2485 is
515 2430 590 2486 foun'd
601 2434 628 2484 in
639 2442 703 2486 most
713 2435 785 2486 MSS.

337 2593 585 2664 cmmmmu

89 2705 393 2811 §Digitiscottorepueiit
415 2743 580 2806 Aproverbiel
589 2743 845 2808 modeofexpressiug

55 2825 90 2940 :p
98 2806 287 2938 &eetjppgeerpsily
302 2811 351 2858 und
367 2808 485 2874 money
501 2807 693 2872 eeeomplished5
708 2809 737 2856 io
751 2823 767 2855 a
783 2823 845 2874 eoap
