1888 3222
928 264 935 296 l

91 195 151 250 210
390 182 440 234 DE
456 178 610 234 osricus.
661 242 664 248 ¹

91 331 193 390 instar*
206 327 345 388 habeant:
366 326 547 386 dubitandum
569 343 627 384 non
645 334 698 393 est,
713 323 785 398 quin
798 341 878 382 uum·

91 427 174 485 quarn
198 407 289 482 possit
311 406 414 470 utilitas
439 424 504 462 curn
528 407 672 463 honestate
697 401 875 461 contendere.

38 537 41 544 .
90 487 185 560 ltaque
199 484 369 560 accepimns,
381 485 525 542 Socratem
535 481 673 540 exsecrari
685 481 806 540 solitum
817 498 874 546 eos,

91 567 149 639 qui,
162 564 286 641 primum
300 562 360 622 hec
374 572 472 620 natura
484 560 660 626 cohaerentia,
670 557 810 636 opinione
825 557 877 616 dis·

90 642 248 700 traxissent.
289 640 346 700 Cui
367 641 481 714 quidem
500 640 539 697 ita
557 647 623 696 sunt
643 637 733 696 Stoici
755 636 876 704 assensi,

90 729 121 776 ut
134 729 162 776 et
175 718 309 792 quidquid
323 719 472 776 honestum
488 726 572 784 esset,
588 716 617 772 id
636 716 703 773 utile
724 733 791 772 esse
814 733 876 774 cen·
934 721 935 724 ’

37 855 39 862 ,
90 807 198 864 serent;
219 815 272 855 uec
292 797 360 854 utile
368 796 536 869 quidquam,
551 793 626 866 quod
640 811 696 851 non
710 792 875 850 honestum.

130 873 249 940 Quodsi
260 875 285 932 is
296 886 372 932 esset
384 873 550 941 Panetius,†
561 871 611 944 qui
623 871 753 928 virtutem
763 880 877 947 propte·
924 881 935 914 ·ῑ

90 972 138 1012 rea
160 951 305 1011 colendam
325 953 438 1019 diceret,
452 950 528 1024 quod
547 969 581 1008 ea
601 948 726 1007 efficiens
749 949 877 1006 utilitatis

90 1043 184 1100 esset;
205 1041 236 1090 ut
248 1031 279 1099 ii,
293 1030 400 1103 quires
414 1027 583 1106 expetendas
597 1027 642 1084 vel
664 1027 820 1103 voluptate.
835 1025 879 1084 vel

91 1110 259 1183 indolentiass
272 1109 442 1166 metiuntur:
463 1108 560 1170 liceret
572 1114 601 1162 et
613 1104 715 1172 dicere,
726 1105 877 1162 utilitatem

91 1188 240 1260 aliquando
262 1205 327 1244 cum
348 1187 492 1250 honestate
511 1200 646 1262 pugnare.
686 1183 745 1240 Sed
760 1201 829 1240 cum
843 1183 877 1239 sit

91 1263 126 1332 is,
141 1264 190 1338 qni
211 1264 240 1322 id
260 1263 351 1322 dolum
371 1265 476 1322 bonum
493 1262 611 1339 judicet,
626 1258 701 1333 quod
722 1260 878 1319 honestum

91 1343 145 1408 sit;
167 1361 228 1412 quae
252 1352 344 1398 autem
369 1342 435 1399 huic
456 1350 612 1418 repugnent
627 1339 730 1415 specie
756 1339 876 1412 quadam

90 1419 225 1485 utilitatis,
240 1435 335 1474 eorum
351 1436 441 1490 neque
455 1421 617 1477 accessione
629 1417 777 1476 meliorem
790 1419 876 1475 vitam

90 1495 229 1562 detineo
249 1493 413 1552 decessione
434 1496 581 1572 pejorem:
603 1515 660 1554 non
679 1495 803 1553 videtur·
815 1496 876 1573 ejus

91 1571 167 1632 nodi
182 1572 312 1630 debuisse
326 1571 554 1634 deliberationem
567 1573 753 1642 introducere,
766 1575 797 1631 in
812 1591 875 1647 qua.

91 1650 166 1725 quod
179 1651 246 1708 utile
261 1650 408 1721 videretur,
423 1671 489 1712 cum
502 1671 537 1711 eo
558 1651 633 1726 quod
654 1651 808 1711 honestum
823 1661 875 1720 est,
932 1721 934 1734 *

89 1740 304 1805 compararetur.

101 1846 103 1855 ι
129 1807 246 1867 Etenim
260 1807 335 1881 qued
348 1827 490 1867 summum
503 1810 608 1866 bonum
620 1827 637 1865 a
648 1807 752 1866 Stoicis
764 1808 875 1878 dicitur.
888 1841 893 1850 ·
933 1859 934 1882 ι

91 1888 289 1945 convenienter
301 1897 405 1946 naturae
416 1888 520 1954 vivere,
534 1886 564 1944 id
577 1887 660 1944 habet
673 1886 756 1953 hanc,
771 1896 803 1945 ut
816 1888 876 1964 opi·
933 1889 934 1918 ³

90 1966 420 2034 nor‚sententia1n‚cum
440 1967 539 2023 vincte
558 1966 726 2042 congruere§
740 1983 875 2043 semper:
933 2021 934 2030 ,

122 2121 138 2152 ι
153 2119 252 2168 usnimi·
266 2121 380 2168 mamam
391 2121 489 2169 sorar.-
504 2125 545 2168 mr
564 2117 602 2167 ns
618 2117 680 2168 teas
695 2118 785 2186 sergis
801 2119 876 2169 snus
933 2107 934 2144 ³

29 2235 33 2247 “
90 2181 177 2296 weshle
189 2252 250 2294 esset
261 2246 406 2296 Proetiae:
422 2247 448 2312 is
454 2247 581 2297 Panotios
592 2261 643 2296 was
654 2261 696 2294 one
707 2247 737 2311 cs
742 2247 823 2297 thom

91 2369 97 2384 .
122 2307 133 2360 l
150 2308 302 2358 Iudotenrta:
317 2309 416 2362 obrem
427 2313 455 2375 os
463 2314 525 2424 fflirr
535 2310 586 2360 aad
596 2309 696 2386 trouble,
726 2310 790 2388 'l'his
800 2314 876 2373 word,

89 2387 117 2420 ru
127 2372 168 2420 the
184 2380 281 2434 present
297 2391 375 2435 sense,
386 2393 407 2425 ιι
426 2392 469 2439 pro
500 2376 541 2441 bly
552 2375 659 2438 peoulrer
670 2381 695 2423 to
711 2375 804 2426 Cicero.
837 2379 877 2430 He

89 2437 218 2486 “melotes
229 2437 271 2488 the
283 2455 407 2490 summum
418 2441 509 2489 bonum
520 2441 549 2490 of
558 2440 725 2504 Hieronymus
737 2441 767 2490 of
773 2440 880 2504 Rhodes,

89 2501 182 2562 (which
193 2501 214 2550 is
225 2503 258 2568 by
266 2503 319 2554 that
327 2505 478 2567 philosopher
485 2507 579 2562 termed
587 2504 745 2570 draayrclm)
754 2513 768 2536 “
777 2507 877 2559 Dolonis

88 2567 167 2640 ymnis
182 2569 322 2619 emotionem
331 2585 341 2626 ,-
356 2575 384 2617 ct
399 2569 435 2618 tra
451 2568 540 2630 dicam,
553 2569 734 2623 indolentiem.”
767 2571 807 2624 De
823 2573 877 2624 rin

88 2630 142 2750 11?
143 2664 291 2759 'coagmere
307 2693 878 2768 Thestoicsheldtlrstiucnoywpeiroerclericis
932 2675 933 2690 ἶ

107 2772 118 2815 p
132 2764 245 2812 ,wasnot
252 2759 313 2806 tobe
324 2759 501 2824 distingrushed
508 2762 570 2812 from
579 2765 641 2815 αι’
651 2763 727 2831 preti
737 2765 787 2830 ζῇι.
806 2767 877 2832 Diog.

88 2753 170 2867 {alre
180 2821 221 2870 vii.
232 2821 270 2870 87.
302 2821 342 2872 To
352 2821 399 2873 live
415 2822 442 2874 in
454 2825 599 2893 conformity
612 2829 672 2882 with
684 2830 728 2882 the
738 2831 827 2883 law'os
837 2848 877 2884 ιιι-
