1888 3222
312 234 376 286 tm.
390 233 419 289 ll.
434 235 587 289 CARXIV.
666 269 668 274 ·
791 243 867 306 171.

64 375 102 436 slt
114 373 228 454 sepius,
244 380 285 436 rei
299 379 416 454 publicae
431 381 530 438 tribuat
543 381 604 438 noc.
617 381 752 450 muneris,
767 383 858 459 cnjus

64 454 196 514 inimicos
211 457 310 514 ulcisci
324 459 437 533 sepius,
452 476 508 517 non
523 469 566 516 est
578 460 847 535 reprehendendum.

64 534 171 591 Modus
198 544 291 592 tamen
318 535 399 592 adsit.
443 536 513 594 Duri
540 539 616 595 enirn
643 539 777 606 hominis,
802 539 847 595 vel

64 613 159 686 potius
172 613 221 669 vix
240 613 363 670 hominis
383 614 499 682 videtur,
514 615 669 690 periculum
688 618 787 691 capitis
806 617 848 674 in-

63 689 135 746 ferre
149 690 255 747 multis.
295 691 329 748 Id
347 708 412 748 curn
434 694 622 769 periculosum
644 694 700 768 ipsi
721 706 773 762 est,
789 704 847 752 tum

64 767 149 825 etiarn
174 767 316 826 sordidum
343 769 378 826 ad
401 769 512 835 famem,
537 772 720 840 committere,
746 783 777 830 ut
804 791 847 828 ac·

64 855 176 902 cusator
208 847 375 904 nominere:
411 848 487 919 quod
520 849 636 924 contigit
663 849 706 907 M.
732 850 848 916 Brute*

64 939 178 980 summo
191 942 292 1000 genere
307 935 382 992 neto,
396 925 470 983 illius
484 927 553 993 filio,
568 927 617 998 qui
625 927 698 1001 juris
713 928 803 984 civilis
817 928 848 984 in

64 1001 164 1076 primis
178 1002 283 1077 peritus
296 1003 357 1060 suit

103 1079 196 1150 Atque
215 1080 298 1136 etiam
319 1081 373 1138 hoc
396 1088 567 1156 preceptum
592 1079 678 1137 officii
702 1079 848 1155 diligenter
933 1123 934 1134 ,

66 1156 217 1214 tenendum
248 1165 300 1224 est,
326 1177 361 1215 ne
389 1176 473 1229 quern
506 1175 639 1230 umquam
672 1159 848 1215 innocentem

64 1233 204 1312 [judicio]
225 1236 324 1310 eapitis
346 1253 488 1292 arcessas:
514 1236 542 1292 id
564 1236 640 1293 enim
662 1238 723 1293 sine
743 1237 848 1293 scelere

64 1312 125 1369 fieri
144 1313 222 1369 nullo
242 1325 322 1388 pecto
341 1324 442 1389 potest.
484 1314 560 1370 Nam
580 1313 647 1386 quid
667 1326 710 1371 est
732 1327 787 1371 tarn
807 1315 849 1372 in·

63 1389 228 1457 humanum,
241 1409 323 1463 quam
335 1392 531 1462 eloquentiam,
544 1403 669 1448 enatura
682 1392 716 1449 ad
730 1393 847 1450 salutem

63 1467 212 1525 hominum
222 1480 250 1525 et
260 1469 295 1524 ad
305 1470 544 1527 conseruationem
555 1470 656 1537 datam,
666 1471 700 1528 ad
712 1472 848 1528 bonorum

63 1554 174 1620 pestem
188 1547 395 1620 perniciemque
409 1549 589 1606 converteret
630 1549 693 1606 Nec
705 1558 808 1616 tamen,
819 1556 851 1604 ut

63 1623 119 1680 hoe
132 1623 364 1699 fugiendumest,
380 1625 447 1681 item
467 1637 510 1682 est
532 1627 689 1684 habendum
710 1626 849 1702 religioni,

63 1713 213 1758 nocentem
233 1703 391 1774 aliquando,
406 1703 491 1759 modo
512 1721 547 1759 ne
568 1703 703 1761 nefarium
716 1705 848 1779 impium·

62 1797 119 1850 que
138 1778 296 1837 defendere.
338 1781 407 1838 Vult
427 1781 483 1837 hoo
497 1780 653 1845 multitudo,
668 1782 770 1856 patitur
783 1799 849 1838 eon·

63 1856 193 1923 suetudo,
201 1857 254 1915 fert
263 1859 346 1916 etiarn
357 1858 525 1916 humanitas.
552 1856 662 1914 ludiois
673 1867 725 1924 est,
738 1875 851 1933 semper

61 1934 92 1990 in
111 1936 220 1991 caussis
242 1955 340 1994 verum
361 1937 456 2008 sequi:
479 1935 597 2010 patroni,
619 1952 850 2005 nonnumquam

62 2012 123 2069 reri
143 2013 247 2082 simile,
259 2015 343 2072 etiam
357 2015 382 2070 si
395 2015 489 2071 minus
504 2013 542 2069 sit
553 2031 660 2080 verum,
672 2010 820 2069 defendere
827 2015 851 2074 :i

93 2186 109 2218 ἓ
126 2183 161 2233 Μ.
173 2185 256 2235 Bruto.
288 2187 324 2235 M.
335 2185 424 2235 Junius
436 2184 533 2245 Brutus,
540 2186 580 2235 the
592 2175 669 2234 father
678 2185 707 2234 of
713 2185 749 2234 M.
760 2185 851 2234 Brutus

60 2247 152 2298 nemed
164 2250 190 2298 in
201 2251 242 2299 the
253 2258 311 2310 text,
321 2253 449 2313 oomposed
460 2266 526 2300 some
537 2251 612 2299 books
623 2267 654 2298 on
665 2248 706 2299 the
718 2250 850 2312 municipe]

60 2313 110 2361 low
121 2315 152 2362 of
162 2315 246 2364 Rome.
278 2316 333 2364 The
349 2333 393 2364 son
403 2331 454 2365 was
472 2332 504 2364 on
520 2323 595 2364 terme
606 2315 635 2363 of
646 2316 739 2380 enmity
750 2315 809 2364 with
822 2315 851 2362 L.

9 2423 10 2438 ,
59 2379 174 2437 Crassus,
190 2381 231 2428 the
247 2389 333 2440 orator,
350 2381 398 2428 end
409 2391 460 2428 was
476 2397 492 2428 e
507 2381 617 2442 frequent
632 2395 744 2437 accusem
760 2395 850 2444 among

58 2443 152 2502 others,
163 2444 193 2492 of
199 2445 234 2492 M.
246 2445 358 2502 Scaurus,
369 2446 409 2493 the
421 2445 537 2507 Princeps
548 2451 652 2492 senatus.

92 2508 106 2560 †
119 2508 389 2572 Patroni—desendere.
422 2510 460 2557 'I'o
476 2523 569 2558 answer
580 2510 621 2556 the
632 2525 747 2571 purposes
758 2509 787 2556 of
797 2508 851 2555 sub-

58 2572 161 2620 stantial
174 2573 271 2636 justice,
282 2575 301 2621 it
317 2575 338 2622 is
354 2575 381 2622 in
392 2574 423 2622 all
434 2588 502 2622 cases
513 2589 641 2637 necessary
653 2575 705 2621 thet
721 2574 761 2621 the
775 2572 851 2636 judge

59 2637 150 2685 should
161 2636 222 2686 have
233 2639 313 2686 before
325 2639 376 2686 him
388 2656 403 2687 e
414 2639 530 2700 complete
542 2644 670 2686 statement
678 2638 707 2685 of
712 2638 753 2684 the
765 2643 851 2683 matter

59 2702 87 2749 in
99 2701 201 2750 debete:
218 2701 245 2751 in
256 2705 325 2752 order
336 2710 361 2751 to
372 2718 471 2765 prepare
480 2703 506 2760 it,
515 2703 671 2764 impartiulity
681 2701 787 2761 requires
799 2700 852 2748 that

58 2767 123 2814 each
136 2767 234 2829 litigent
245 2775 315 2833 party
324 2767 410 2816 should
420 2767 481 2814 heve
492 2767 533 2814 the
542 2767 630 2814 henefit
639 2766 667 2812 os
673 2765 725 2812 that
736 2763 792 2810 skill
804 2764 851 2810 end

57 2831 205 2892 experience
216 2832 297 2881 which
314 2834 382 2887 those
401 2832 516 2879 educeted
534 2839 559 2878 to
576 2831 616 2878 the
634 2827 765 2889 profession
782 2827 850 2874 alone

60 2897 136 2946 could
144 2895 246 2945 fumish.
277 2897 359 2946 When
367 2895 408 2945 the
417 2895 493 2960 Judge
501 2895 523 2944 ie
531 2894 592 2957 fully
601 2892 727 2949 insornred,
735 2890 755 2940 it
763 2891 784 2940 is
792 2891 850 2938 then
