1890 3224
284 221 403 271 amm.
422 220 499 271 CAP.
510 181 605 272 XXV·-
782 225 840 280 287

51 363 204 444 [optato]*
228 365 387 441 impetrato,
415 364 548 424 Theseus
575 365 602 423 in
630 364 762 424 maximis
791 365 843 424 suit

49 445 188 508 luctibus.
830 517 832 522 ι

94 523 197 589 Quidt
229 521 438 599 Agamemnoni
462 541 526 580 cum
550 521 709 581 devovisset
732 522 842 592 Diana,

53 601 132 675 quod
146 603 176 659 in
191 619 242 658 suo
261 620 348 677 regno
364 601 581 676 pulcherrimum
597 614 691 659 natum
706 596 783 660 esset'
796 603 842 660 illo

54 699 143 745 anno,
165 680 321 737 immolavit
346 679 534 758 lphigeniam,
555 700 610 752 qua
635 682 707 738 nihil
728 692 787 738 erat
808 700 843 740 eo

54 757 172 832 quidem
193 775 265 815 anno
287 771 381 816 netum
403 758 557 835 pulchrius.
597 759 772 816 Promissum
794 779 844 835 po·

55 838 114 895 tius
129 855 185 893 non
200 835 367 904 faciendum,
383 855 467 908 quam
490 848 598 894 taurim
618 837 725 894 facinus
748 838 845 894 admit·

56 915 175 973 tendum
202 915 263 972 luit.
305 915 383 991 Ergo
411 926 439 972 et
459 917 599 992 promissa
618 934 676 973 uon
703 915 845 991 faciendass

56 1013 116 1052 non
130 1011 283 1065 numquam
295 1013 304 1060 ;
326 1012 418 1065 neque
433 1009 546 1070 semper
556 994 685 1069 deposita
695 993 843 1053 reddenda.

58 1073 93 1130 Si
115 1071 238 1148 gladium
253 1073 316 1145 quis
338 1072 410 1148 apud
426 1083 452 1129 te
472 1091 540 1129 sana
559 1085 653 1130 mente
674 1072 845 1148 deposuerit,

57 1162 167 1226 repetat
177 1151 320 1208 insaniens
331 1170 339 1217 ;
356 1150 470 1207 reddere
482 1162 628 1226 peccatum
640 1151 694 1217 eit;
709 1150 846 1220 officium,

58 1249 117 1288 non
131 1228 255 1286 reddere.
297 1229 383 1296 Quid,
408 1229 433 1286 si
453 1229 488 1295 is,
504 1230 553 1300 qui
567 1229 640 1305 apud
655 1240 681 1286 te
696 1230 846 1305 pecuniam

58 1308 231 1384 deposuerit,
250 1307 353 1364 bellum
369 1307 469 1365 inserat
488 1308 594 1382 patriae,
609 1307 745 1365 reddasne
760 1307 846 1384 depo·

59 1387 170 1445 situm?
200 1385 278 1452 Non,
304 1385 397 1443 credo.
437 1385 537 1444 Facias
562 1386 638 1444 enim
664 1398 762 1443 contra
786 1405 846 1446 rem
903 1390 907 1408 ‘

59 1465 290 1542 publicamque
310 1463 392 1521 debet
411 1482 475 1522 esse
490 1465 644 1522 carissima.
686 1464 735 1521 Sic
750 1461 847 1534 multa,

60 1561 124 1618 quae
152 1543 271 1600 honesta
297 1555 393 1599 natura
420 1541 549 1600 videntur
576 1561 650 1611 esse,
674 1546 847 1620 temporibus

60 1623 136 1681 fiunt
157 1640 213 1678 uon
230 1621 357 1678 honesta.
397 1621 502 1678 Facere
525 1623 674 1698 promissa,
690 1633 762 1680 stare
782 1641 849 1680 con-

59 1701 164 1766 ventis,
176 1699 290 1757 reddere
305 1700 442 1776 deposita,
455 1709 625 1755 commutata
635 1700 763 1768 utilitate,
777 1701 850 1759 fiunt

63 1799 121 1838 non
138 1780 265 1836 honesta.
304 1778 346 1835 Ac
372 1778 406 1834 de
431 1779 466 1835 iis
489 1777 613 1849 quidem,
636 1795 698 1848 quae
722 1778 850 1837 videntur

61 1877 127 1917 esse
150 1858 281 1915 utilitates
304 1867 399 1916 contra
415 1855 562 1932 justitiam,
585 1854 764 1913 simulatione
787 1875 850 1934 pru-

59 1937 173 2005 dentiae,
184 1937 251 1994 satis
267 1936 383 1994 arbitror
399 1935 517 1992 dictum.

94 2096 110 2128 ¹
126 2093 222 2157 Optato.
254 2092 317 2142 'Ibis
333 2093 407 2151 word,
418 2090 519 2140 omitted
530 2091 557 2140 in
568 2105 635 2140 some
653 2090 724 2141 Mes.
736 2091 757 2141 is
768 2093 852 2156 probe-

62 2160 105 2224 bly
115 2160 161 2207 but
171 2175 186 2206 a
199 2158 264 2222 gloss
275 2157 349 2206 taken
360 2157 423 2205 from
434 2157 475 2205 the
487 2156 591 2224 margin.
625 2156 678 2216 Quo
685 2159 816 2224 impetrato,
824 2160 853 2208 in

61 2224 182 2274 maxinme
193 2222 273 2270 luctus
284 2221 379 2280 incidit,
389 2222 406 2270 i.
417 2221 455 2270 10.

95 2289 109 2341 †
126 2286 300 2352 Agamernaore
333 2286 396 2335 This
411 2287 458 2335 tale
469 2286 491 2335 is
501 2293 545 2336 not
560 2285 693 2352 uniformly
704 2289 810 2339 related:
827 2290 854 2340 in

62 2353 215 2416 Sophocles'a
233 2351 339 2410 Electra,
350 2352 391 2400 the
403 2367 489 2401 reason
507 2351 620 2426 assigned
631 2353 664 2416 by
675 2353 854 2418 clytemnestra

63 2418 101 2467 t'or
113 2418 155 2467 the
166 2417 265 2464 murder
276 2417 306 2466 of
317 2417 360 2466 her
376 2417 495 2475 husband,
506 2416 527 2466 is
539 2418 578 2465 hus
594 2417 704 2468 sacrifice
715 2419 745 2468 of
756 2421 812 2488 Iphi
844 2451 853 2464 .

63 2483 112 2531 nia.
147 2481 171 2529 It
182 2481 204 2530 is
215 2481 266 2531 also
277 2483 419 2546 apparently
429 2482 538 2544 imputed
550 2487 575 2530 to
585 2481 638 2530 him
650 2483 683 2546 by
693 2484 796 2543 Horace,
804 2437 854 2534 §het

63 2546 89 2596 ii.
101 2546 124 2596 3.
137 2547 204 2604 199.;
220 2547 268 2595 and
286 2547 396 2610 directly,
411 2548 444 2610 by
459 2545 546 2611 virgil,
557 2547 615 2594 AEn.
626 2546 652 2594 ii.
665 2547 716 2596 116.
750 2549 799 2597 But
815 2565 854 2598 ac·

63 2612 168 2676 cording
178 2621 204 2661 to
215 2612 285 2671 Ovid,
297 2613 409 2672 (Metam.
421 2611 462 2659 xii.
473 2609 515 2674 ³2)
527 2611 553 2660 in
563 2627 728 2660 concurrcnce
738 2613 799 2662 with
813 2615 855 2662 the

62 2675 807 2805 tlh,tttltafthlttlhltlltlh{thal
832 2679 856 2729 a

96 2807 108 2859 ἶ
126 2805 311 2920 Noellaeieoda.
344 2807 398 2856 The
410 2823 477 2856 cases
489 2806 516 2856 iu
530 2807 613 2856 which
630 2806 748 2868 promises
760 2823 801 2855 are
812 2815 855 2856 not

63 2877 90 2921 to
98 2873 144 2986 db}
152 2871 210 2986 hlehd
222 2871 335 2988 bmpirpg,
346 2889 387 2922 are
403 2871 459 2922 well
474 2871 569 2921 defined
585 2871 619 2935 by
634 2869 717 2936 Paley,
729 2870 767 2920 ut
778 2871 808 2921 of
819 2873 855 2922 M.

64 2951 97 2986 m
145 2970 151 2984 Ι
220 2952 255 2986 ul!
281 2971 288 2985 1
317 2971 323 2986 0
