<?xml version="1.0" encoding="UTF-8"?>
<!DOCTYPE html PUBLIC "-//W3C//DTD XHTML 1.0 Transitional//EN"
    "http://www.w3.org/TR/xhtml1/DTD/xhtml1-transitional.dtd">
<html xmlns="http://www.w3.org/1999/xhtml" xml:lang="en" lang="en">
 <head>
  <title>
</title>
<meta http-equiv="Content-Type" content="text/html;charset=utf-8" />
  <meta name='ocr-system' content='tesseract 3.04.00' />
  <meta name='ocr-capabilities' content='ocr_page ocr_carea ocr_par ocr_line ocrx_word'/>
</head>
<body>
  <div class='ocr_page' id='page_1' title='image "./deofficiislibri04cicegoog_0254.png"; bbox 0 0 1890 3224; ppageno 0'>
   <div class='ocr_carea' id='block_1_1' title="bbox 344 145 868 216">
    <p class='ocr_par' dir='ltr' id='par_1_1' title="bbox 344 145 868 216">
     <span class='ocr_line' id='line_1_1' title="bbox 344 145 868 216; baseline 0 -10"><span class='ocrx_word' id='word_1_1' title='bbox 344 145 606 208; x_wconf 74' lang='lat' dir='ltr'>nnuncsrnx.</span> <span class='ocrx_word' id='word_1_2' title='bbox 811 161 868 216; x_wconf 78' lang='lat'>233</span> 
     </span>
    </p>
   </div>
   <div class='ocr_carea' id='block_1_2' title="bbox 67 295 868 828">
    <p class='ocr_par' dir='ltr' id='par_1_2' title="bbox 68 295 862 374">
     <span class='ocr_line' id='line_1_2' title="bbox 68 295 862 374; baseline 0.003 -18"><span class='ocrx_word' id='word_1_3' title='bbox 68 299 136 374; x_wconf 84' lang='lat' dir='ltr'>ipso</span> <span class='ocrx_word' id='word_1_4' title='bbox 144 295 315 356; x_wconf 77' lang='lat' dir='ltr'>deliberatio.</span> <span class='ocrx_word' id='word_1_5' title='bbox 336 299 646 372; x_wconf 82' lang='lat' dir='ltr'>Atqueetiarnexomni</span> <span class='ocrx_word' id='word_1_6' title='bbox 654 299 862 369; x_wconf 81' lang='lat' dir='ltr'>deliberatione,</span> 
     </span>
    </p>

    <p class='ocr_par' dir='ltr' id='par_1_3' title="bbox 67 375 863 454">
     <span class='ocr_line' id='line_1_3' title="bbox 67 375 863 454; baseline 0.003 -20"><span class='ocrx_word' id='word_1_7' title='bbox 67 375 181 434; x_wconf 84' lang='lat' dir='ltr'>celandi</span> <span class='ocrx_word' id='word_1_8' title='bbox 201 386 230 433; x_wconf 80' lang='lat' dir='ltr'>et</span> <span class='ocrx_word' id='word_1_9' title='bbox 250 376 406 434; x_wconf 84' lang='lat' dir='ltr'>occultandi</span> <span class='ocrx_word' id='word_1_10' title='bbox 430 397 495 454; x_wconf 89' lang='lat' dir='ltr'>spes</span> <span class='ocrx_word' id='word_1_11' title='bbox 519 379 671 454; x_wconf 90' lang='lat' dir='ltr'>opinioque</span> <span class='ocrx_word' id='word_1_12' title='bbox 693 379 863 438; x_wconf 81' lang='lat' dir='ltr'>removenda</span> 
     </span>
    </p>

    <p class='ocr_par' dir='ltr' id='par_1_4' title="bbox 67 455 863 534">
     <span class='ocr_line' id='line_1_4' title="bbox 67 455 863 534; baseline 0.004 -22"><span class='ocrx_word' id='word_1_13' title='bbox 67 465 124 513; x_wconf 85' lang='lat' dir='ltr'>est.</span> <span class='ocrx_word' id='word_1_14' title='bbox 165 455 240 512; x_wconf 86' lang='lat' dir='ltr'>Satis</span> <span class='ocrx_word' id='word_1_15' title='bbox 262 457 338 512; x_wconf 87' lang='lat' dir='ltr'>enim</span> <span class='ocrx_word' id='word_1_16' title='bbox 361 457 453 524; x_wconf 92' lang='lat' dir='ltr'>nobis,</span> <span class='ocrx_word' id='word_1_17' title='bbox 477 458 501 513; x_wconf 90' lang='lat' dir='ltr'>si</span> <span class='ocrx_word' id='word_1_18' title='bbox 523 457 608 515; x_wconf 90' lang='lat' dir='ltr'>modo</span> <span class='ocrx_word' id='word_1_19' title='bbox 630 459 659 516; x_wconf 91' lang='lat' dir='ltr'>in</span> <span class='ocrx_word' id='word_1_20' title='bbox 682 457 863 534; x_wconf 85' lang='lat' dir='ltr'><strong>philosophia</strong></span> 
     </span>
    </p>

    <p class='ocr_par' dir='ltr' id='par_1_5' title="bbox 69 533 868 614">
     <span class='ocr_line' id='line_1_5' title="bbox 69 533 868 614; baseline 0.003 -24"><span class='ocrx_word' id='word_1_21' title='bbox 69 533 368 610; x_wconf 83' lang='lat' dir='ltr'>aliquid&#39;prosecimus,</span> <span class='ocrx_word' id='word_1_22' title='bbox 377 553 544 610; x_wconf 87' lang='lat' dir='ltr'>persuasum</span> <span class='ocrx_word' id='word_1_23' title='bbox 552 555 615 592; x_wconf 88' lang='lat' dir='ltr'>esse</span> <span class='ocrx_word' id='word_1_24' title='bbox 625 536 716 604; x_wconf 83' lang='lat' dir='ltr'>debet,</span> <span class='ocrx_word' id='word_1_25' title='bbox 726 537 751 595; x_wconf 91' lang='lat' dir='ltr'>si</span> <span class='ocrx_word' id='word_1_26' title='bbox 762 555 868 614; x_wconf 25' lang='lat' dir='ltr'>omnes!</span> 
     </span>
    </p>

    <p class='ocr_par' dir='ltr' id='par_1_6' title="bbox 67 611 861 689">
     <span class='ocr_line' id='line_1_6' title="bbox 67 611 861 689; baseline 0.005 -21"><span class='ocrx_word' id='word_1_27' title='bbox 67 611 141 669; x_wconf 89' lang='lat' dir='ltr'>deos</span> <span class='ocrx_word' id='word_1_28' title='bbox 165 611 352 685; x_wconf 84' lang='lat' dir='ltr'>hominesque</span> <span class='ocrx_word' id='word_1_29' title='bbox 377 614 466 670; x_wconf 86' lang='lat' dir='ltr'>celare</span> <span class='ocrx_word' id='word_1_30' title='bbox 491 615 645 689; x_wconf 87' lang='lat' dir='ltr'>possimus,</span> <span class='ocrx_word' id='word_1_31' title='bbox 670 615 742 673; x_wconf 87' lang='lat' dir='ltr'>nihil</span> <span class='ocrx_word' id='word_1_32' title='bbox 768 626 861 673; x_wconf 84' lang='lat' dir='ltr'>temen</span> 
     </span>
    </p>

    <p class='ocr_par' dir='ltr' id='par_1_7' title="bbox 68 689 863 828">
     <span class='ocr_line' id='line_1_7' title="bbox 68 689 863 767; baseline 0.008 -21"><span class='ocrx_word' id='word_1_33' title='bbox 68 707 164 758; x_wconf 81' lang='lat' dir='ltr'>avare,</span> <span class='ocrx_word' id='word_1_34' title='bbox 178 689 250 748; x_wconf 88' lang='lat' dir='ltr'>nihil</span> <span class='ocrx_word' id='word_1_35' title='bbox 265 691 377 767; x_wconf 74' lang='lat' dir='ltr'>injuste,</span> <span class='ocrx_word' id='word_1_36' title='bbox 392 692 464 749; x_wconf 89' lang='lat' dir='ltr'>nihil</span> <span class='ocrx_word' id='word_1_37' title='bbox 476 692 636 762; x_wconf 85' lang='lat' dir='ltr'>libidinose,</span> <span class='ocrx_word' id='word_1_38' title='bbox 651 693 723 752; x_wconf 91' lang='lat' dir='ltr'>nihil</span> <span class='ocrx_word' id='word_1_39' title='bbox 744 695 863 753; x_wconf 85' lang='lat' dir='ltr'>inconti-</span> 
     </span>
     <span class='ocr_line' id='line_1_8' title="bbox 68 765 428 828; baseline -0.003 0"><span class='ocrx_word' id='word_1_40' title='bbox 68 779 171 828; x_wconf 86' lang='lat' dir='ltr'>nenter</span> <span class='ocrx_word' id='word_1_41' title='bbox 183 765 248 825; x_wconf 78' lang='lat' dir='ltr'>esse</span> <span class='ocrx_word' id='word_1_42' title='bbox 261 768 428 827; x_wconf 83' lang='lat' dir='ltr'>faciendum.</span> 
     </span>
    </p>
   </div>
   <div class='ocr_carea' id='block_1_3' title="bbox 69 941 862 1082">
    <p class='ocr_par' dir='ltr' id='par_1_8' title="bbox 69 941 862 1082">
     <span class='ocr_line' id='line_1_9' title="bbox 69 941 862 1022; baseline 0.009 -21"><span class='ocrx_word' id='word_1_43' title='bbox 69 942 163 1002; x_wconf 80' lang='lat' dir='ltr'><strong>OAP.</strong></span> <span class='ocrx_word' id='word_1_44' title='bbox 191 943 245 1002; x_wconf 85' lang='lat' dir='ltr'>tx.</span> <span class='ocrx_word' id='word_1_45' title='bbox 286 941 377 1002; x_wconf 79' lang='lat' dir='ltr'>Nihil</span> <span class='ocrx_word' id='word_1_46' title='bbox 397 963 446 1022; x_wconf 83' lang='lat' dir='ltr'>spe</span> <span class='ocrx_word' id='word_1_47' title='bbox 466 944 632 1004; x_wconf 81' lang='lat' dir='ltr'>occultandi</span> <span class='ocrx_word' id='word_1_48' title='bbox 651 944 766 1005; x_wconf 82' lang='lat' dir='ltr'>sceleris</span> <span class='ocrx_word' id='word_1_49' title='bbox 788 965 862 1008; x_wconf 83' lang='lat' dir='ltr'>cont·</span> 
     </span>
     <span class='ocr_line' id='line_1_10' title="bbox 338 1022 600 1082; baseline 0.004 -1"><span class='ocrx_word' id='word_1_50' title='bbox 338 1022 516 1082; x_wconf 83' lang='lat' dir='ltr'>mittendum</span> <span class='ocrx_word' id='word_1_51' title='bbox 530 1041 600 1082; x_wconf 80' lang='lat' dir='ltr'>esse.</span> 
     </span>
    </p>
   </div>
   <div class='ocr_carea' id='block_1_4' title="bbox 39 1166 874 1948">
    <p class='ocr_par' dir='ltr' id='par_1_9' title="bbox 39 1166 874 1948">
     <span class='ocr_line' id='line_1_11' title="bbox 39 1166 861 1244; baseline 0.004 -19"><span class='ocrx_word' id='word_1_52' title='bbox 39 1205 43 1208; x_wconf 97' lang='lat'>-</span> <span class='ocrx_word' id='word_1_53' title='bbox 111 1166 194 1225; x_wconf 78' lang='lat' dir='ltr'>Hirro</span> <span class='ocrx_word' id='word_1_54' title='bbox 204 1167 251 1225; x_wconf 88' lang='lat' dir='ltr'>ille</span> <span class='ocrx_word' id='word_1_55' title='bbox 265 1167 365 1244; x_wconf 84' lang='lat' dir='ltr'><strong>Gyges</strong></span> <span class='ocrx_word' id='word_1_56' title='bbox 377 1167 518 1226; x_wconf 82' lang='lat' dir='ltr'>inducitur</span> <span class='ocrx_word' id='word_1_57' title='bbox 530 1187 547 1224; x_wconf 84' lang='lat' dir='ltr'>a</span> <span class='ocrx_word' id='word_1_58' title='bbox 560 1168 678 1227; x_wconf 82' lang='lat' dir='ltr'>Platone</span> <span class='ocrx_word' id='word_1_59' title='bbox 686 1171 713 1236; x_wconf 70' lang='grc' dir='ltr'>ς*</span> <span class='ocrx_word' id='word_1_60' title='bbox 726 1169 784 1242; x_wconf 87' lang='lat' dir='ltr'>qui,</span> <span class='ocrx_word' id='word_1_61' title='bbox 796 1186 861 1228; x_wconf 89' lang='lat' dir='ltr'>cunr</span> 
     </span>
     <span class='ocr_line' id='line_1_12' title="bbox 67 1245 861 1322; baseline 0 -18"><span class='ocrx_word' id='word_1_62' title='bbox 67 1257 143 1304; x_wconf 81' lang='lat' dir='ltr'>terra</span> <span class='ocrx_word' id='word_1_63' title='bbox 164 1245 342 1303; x_wconf 77' lang='lat' dir='ltr'>discessisset</span> <span class='ocrx_word' id='word_1_64' title='bbox 362 1246 472 1322; x_wconf 82' lang='lat' dir='ltr'>maguis</span> <span class='ocrx_word' id='word_1_65' title='bbox 491 1246 658 1318; x_wconf 81' lang='lat' dir='ltr'>quibusdam</span> <span class='ocrx_word' id='word_1_66' title='bbox 671 1249 816 1315; x_wconf 88' lang='lat' dir='ltr'>imbribus,</span> <span class='ocrx_word' id='word_1_67' title='bbox 831 1247 861 1305; x_wconf 91' lang='lat' dir='ltr'>in</span> 
     </span>
     <span class='ocr_line' id='line_1_13' title="bbox 68 1323 862 1404; baseline 0.001 -22"><span class='ocrx_word' id='word_1_68' title='bbox 68 1326 155 1398; x_wconf 16' lang='lat' dir='ltr'>illum*</span> <span class='ocrx_word' id='word_1_69' title='bbox 179 1324 285 1381; x_wconf 81' lang='lat' dir='ltr'>hiatum</span> <span class='ocrx_word' id='word_1_70' title='bbox 313 1323 466 1392; x_wconf 87' lang='lat' dir='ltr'>descendit,</span> <span class='ocrx_word' id='word_1_71' title='bbox 495 1343 660 1400; x_wconf 84' lang='lat' dir='ltr'>aeneumque</span> <span class='ocrx_word' id='word_1_72' title='bbox 688 1345 802 1404; x_wconf 66' lang='lat' dir='ltr'>eqnngn,</span> <span class='ocrx_word' id='word_1_73' title='bbox 830 1335 862 1383; x_wconf 85' lang='lat' dir='ltr'>ut</span> 
     </span>
     <span class='ocr_line' id='line_1_14' title="bbox 67 1401 858 1480; baseline 0.003 -20"><span class='ocrx_word' id='word_1_74' title='bbox 67 1404 162 1461; x_wconf 87' lang='lat' dir='ltr'>serunt</span> <span class='ocrx_word' id='word_1_75' title='bbox 188 1401 313 1470; x_wconf 79' lang='lat' dir='ltr'>isbulae‚†</span> <span class='ocrx_word' id='word_1_76' title='bbox 337 1403 539 1472; x_wconf 79' lang='lat' dir='ltr'>animadvertit,</span> <span class='ocrx_word' id='word_1_77' title='bbox 566 1405 646 1480; x_wconf 92' lang='lat' dir='ltr'>cujus</span> <span class='ocrx_word' id='word_1_78' title='bbox 671 1405 700 1463; x_wconf 91' lang='lat' dir='ltr'>iu</span> <span class='ocrx_word' id='word_1_79' title='bbox 726 1404 858 1462; x_wconf 85' lang='lat' dir='ltr'>lateribus</span> 
     </span>
     <span class='ocr_line' id='line_1_15' title="bbox 68 1482 862 1558; baseline 0.001 -19"><span class='ocrx_word' id='word_1_80' title='bbox 68 1482 145 1539; x_wconf 88' lang='lat' dir='ltr'>sores</span> <span class='ocrx_word' id='word_1_81' title='bbox 159 1489 271 1538; x_wconf 86' lang='lat' dir='ltr'>essent:</span> <span class='ocrx_word' id='word_1_82' title='bbox 288 1482 389 1554; x_wconf 88' lang='lat' dir='ltr'>quibus</span> <span class='ocrx_word' id='word_1_83' title='bbox 404 1483 516 1558; x_wconf 82' lang='lat' dir='ltr'>apertis,</span> <span class='ocrx_word' id='word_1_84' title='bbox 531 1483 654 1541; x_wconf 90' lang='lat' dir='ltr'>hominis</span> <span class='ocrx_word' id='word_1_85' title='bbox 668 1484 771 1542; x_wconf 87' lang='lat' dir='ltr'>mortui</span> <span class='ocrx_word' id='word_1_86' title='bbox 791 1483 862 1540; x_wconf 82' lang='lat' dir='ltr'>vidit</span> 
     </span>
     <span class='ocr_line' id='line_1_16' title="bbox 68 1559 874 1635; baseline 0.006 -20"><span class='ocrx_word' id='word_1_87' title='bbox 68 1578 174 1634; x_wconf 88' lang='lat' dir='ltr'>corpus</span> <span class='ocrx_word' id='word_1_88' title='bbox 188 1559 379 1635; x_wconf 83' lang='lat' dir='ltr'>magnitudine</span> <span class='ocrx_word' id='word_1_89' title='bbox 395 1561 533 1628; x_wconf 81' lang='lat' dir='ltr'>inusitata,</span> <span class='ocrx_word' id='word_1_90' title='bbox 546 1561 734 1635; x_wconf 86' lang='lat' dir='ltr'>annulumque</span> <span class='ocrx_word' id='word_1_91' title='bbox 746 1580 874 1631; x_wconf 47' lang='lat' dir='ltr'>aureum,</span> 
     </span>
     <span class='ocr_line' id='line_1_17' title="bbox 67 1635 868 1716; baseline 0.002 -20"><span class='ocrx_word' id='word_1_92' title='bbox 67 1640 98 1696; x_wconf 91' lang='lat' dir='ltr'>in</span> <span class='ocrx_word' id='word_1_93' title='bbox 110 1639 217 1714; x_wconf 62' lang='lat' dir='ltr'>dignm</span> <span class='ocrx_word' id='word_1_94' title='bbox 232 1657 315 1710; x_wconf 86' lang='lat' dir='ltr'>quern</span> <span class='ocrx_word' id='word_1_95' title='bbox 328 1649 359 1695; x_wconf 86' lang='lat' dir='ltr'>ut</span> <span class='ocrx_word' id='word_1_96' title='bbox 369 1639 496 1705; x_wconf 81' lang='lat' dir='ltr'>detraxit,</span> <span class='ocrx_word' id='word_1_97' title='bbox 506 1635 568 1716; x_wconf 89' lang='lat' dir='ltr'>ip&#39;se</span> <span class='ocrx_word' id='word_1_98' title='bbox 582 1639 673 1696; x_wconf 85' lang='lat' dir='ltr'>induit</span> <span class='ocrx_word' id='word_1_99' title='bbox 681 1641 753 1716; x_wconf 86' lang='lat' dir='ltr'>(erat</span> <span class='ocrx_word' id='word_1_100' title='bbox 766 1646 868 1698; x_wconf 77' lang='lat' dir='ltr'>autern</span> 
     </span>
     <span class='ocr_line' id='line_1_18' title="bbox 66 1715 860 1794; baseline 0.001 -20"><span class='ocrx_word' id='word_1_101' title='bbox 66 1718 164 1792; x_wconf 86' lang='lat' dir='ltr'>regius</span> <span class='ocrx_word' id='word_1_102' title='bbox 200 1715 305 1794; x_wconf 86' lang='lat' dir='ltr'>pastor)</span> <span class='ocrx_word' id='word_1_103' title='bbox 334 1726 392 1774; x_wconf 84' lang='lat' dir='ltr'>turn</span> <span class='ocrx_word' id='word_1_104' title='bbox 424 1718 454 1774; x_wconf 92' lang='lat' dir='ltr'>in</span> <span class='ocrx_word' id='word_1_105' title='bbox 482 1718 631 1775; x_wconf 88' lang='lat' dir='ltr'>consilium</span> <span class='ocrx_word' id='word_1_106' title='bbox 659 1735 690 1773; x_wconf 87' lang='lat' dir='ltr'>se</span> <span class='ocrx_word' id='word_1_107' title='bbox 717 1727 860 1793; x_wconf 84' lang='lat' dir='ltr'>pastorum</span> 
     </span>
     <span class='ocr_line' id='line_1_19' title="bbox 68 1793 862 1872; baseline 0.001 -20"><span class='ocrx_word' id='word_1_108' title='bbox 68 1795 188 1870; x_wconf 86' lang='lat' dir='ltr'>recepit.</span> <span class='ocrx_word' id='word_1_109' title='bbox 229 1795 273 1852; x_wconf 93' lang='lat' dir='ltr'>Ibi</span> <span class='ocrx_word' id='word_1_110' title='bbox 290 1813 356 1854; x_wconf 80' lang='lat' dir='ltr'>uum</span> <span class='ocrx_word' id='word_1_111' title='bbox 370 1795 463 1872; x_wconf 83' lang='lat' dir='ltr'>pelam</span> <span class='ocrx_word' id='word_1_112' title='bbox 484 1795 545 1871; x_wconf 87' lang='lat' dir='ltr'>ejus</span> <span class='ocrx_word' id='word_1_113' title='bbox 567 1793 662 1851; x_wconf 87' lang='lat' dir='ltr'>annuli</span> <span class='ocrx_word' id='word_1_114' title='bbox 675 1793 710 1850; x_wconf 82' lang='lat' dir='ltr'>ad</span> <span class='ocrx_word' id='word_1_115' title='bbox 724 1795 862 1871; x_wconf 82' lang='lat' dir='ltr'>palmamss</span> 
     </span>
     <span class='ocr_line' id='line_1_20' title="bbox 67 1872 863 1948; baseline -0.001 -17"><span class='ocrx_word' id='word_1_116' title='bbox 67 1883 287 1942; x_wconf 58' lang='lat' dir='ltr'>converterem</span> <span class='ocrx_word' id='word_1_117' title='bbox 306 1874 383 1932; x_wconf 90' lang='lat' dir='ltr'>nullo</span> <span class='ocrx_word' id='word_1_118' title='bbox 403 1873 557 1940; x_wconf 89' lang='lat' dir='ltr'>videbatur,</span> <span class='ocrx_word' id='word_1_119' title='bbox 572 1873 633 1948; x_wconf 89' lang='lat' dir='ltr'>ipse</span> <span class='ocrx_word' id='word_1_120' title='bbox 654 1881 748 1929; x_wconf 84' lang='lat' dir='ltr'>autem</span> <span class='ocrx_word' id='word_1_121' title='bbox 768 1872 863 1930; x_wconf 84' lang='lat' dir='ltr'>omnic</span> 
     </span>
    </p>
   </div>
   <div class='ocr_carea' id='block_1_5' title="bbox 355 2106 656 2190">
    <p class='ocr_par' dir='ltr' id='par_1_10' title="bbox 355 2106 656 2190">
     <span class='ocr_line' id='line_1_21' title="bbox 355 2106 656 2190; baseline -0.01 -32"><span class='ocrx_word' id='word_1_122' title='bbox 355 2107 519 2158; x_wconf 84' lang='lat' dir='ltr'>CHAPTER</span> <span class='ocrx_word' id='word_1_123' title='bbox 535 2106 579 2156; x_wconf 87' lang='lat' dir='ltr'>IX.</span> <span class='ocrx_word' id='word_1_124' title='bbox 654 2186 656 2190; x_wconf 88' lang='lat'>.</span> 
     </span>
    </p>
   </div>
   <div class='ocr_carea' id='block_1_6' title="bbox 103 2237 863 2353">
    <p class='ocr_par' dir='ltr' id='par_1_11' title="bbox 103 2237 863 2353">
     <span class='ocr_line' id='line_1_22' title="bbox 103 2237 863 2353; baseline -0.001 -64"><span class='ocrx_word' id='word_1_125' title='bbox 103 2243 119 2276; x_wconf 51' lang='grc' dir='ltr'>ἓ</span> <span class='ocrx_word' id='word_1_126' title='bbox 136 2239 248 2289; x_wconf 81' lang='lat' dir='ltr'>Platone.</span> <span class='ocrx_word' id='word_1_127' title='bbox 279 2239 371 2304; x_wconf 82' lang='lat' dir='ltr'>Gyges,</span> <span class='ocrx_word' id='word_1_128' title='bbox 389 2239 451 2288; x_wconf 78' lang='lat' dir='ltr'>oller</span> <span class='ocrx_word' id='word_1_129' title='bbox 473 2239 618 2353; x_wconf 49' lang='lat' dir='ltr'>murderin}</span> <span class='ocrx_word' id='word_1_130' title='bbox 632 2237 777 2299; x_wconf 70' lang='lat' dir='ltr'>Candaules,</span> <span class='ocrx_word' id='word_1_131' title='bbox 794 2238 863 2316; x_wconf 76' lang='lat' dir='ltr'>King</span> 
     </span>
    </p>
   </div>
   <div class='ocr_carea' id='block_1_7' title="bbox 67 2304 867 2894">
    <p class='ocr_par' dir='ltr' id='par_1_12' title="bbox 67 2304 863 2568">
     <span class='ocr_line' id='line_1_23' title="bbox 67 2304 863 2370; baseline -0.003 -14"><span class='ocrx_word' id='word_1_132' title='bbox 67 2307 100 2356; x_wconf 68' lang='lat' dir='ltr'>ol*</span> <span class='ocrx_word' id='word_1_133' title='bbox 118 2306 206 2370; x_wconf 78' lang='lat' dir='ltr'>Lydia,</span> <span class='ocrx_word' id='word_1_134' title='bbox 222 2307 327 2366; x_wconf 89' lang='lat' dir='ltr'>usurped</span> <span class='ocrx_word' id='word_1_135' title='bbox 347 2305 389 2353; x_wconf 87' lang='lat' dir='ltr'>the</span> <span class='ocrx_word' id='word_1_136' title='bbox 405 2305 566 2370; x_wconf 75' lang='lat' dir='ltr'>sovereignty.</span> <span class='ocrx_word' id='word_1_137' title='bbox 619 2305 660 2359; x_wconf 81' lang='lat' dir='ltr'>lot.</span> <span class='ocrx_word' id='word_1_138' title='bbox 676 2304 712 2352; x_wconf 90' lang='lat' dir='ltr'>ds.</span> <span class='ocrx_word' id='word_1_139' title='bbox 728 2304 822 2368; x_wconf 86' lang='lat' dir='ltr'>Repub.</span> <span class='ocrx_word' id='word_1_140' title='bbox 838 2321 863 2354; x_wconf 89' lang='lat' dir='ltr'>n.</span> 
     </span>
     <span class='ocr_line' id='line_1_24' title="bbox 68 2369 862 2434; baseline -0.003 -14"><span class='ocrx_word' id='word_1_141' title='bbox 68 2373 189 2421; x_wconf 86' lang='lat' dir='ltr'>Herodot.</span> <span class='ocrx_word' id='word_1_142' title='bbox 199 2370 215 2420; x_wconf 88' lang='lat' dir='ltr'>i.</span> <span class='ocrx_word' id='word_1_143' title='bbox 227 2370 249 2418; x_wconf 81' lang='lat'>8.</span> <span class='ocrx_word' id='word_1_144' title='bbox 260 2369 350 2418; x_wconf 83' lang='lat' dir='ltr'>Justin</span> <span class='ocrx_word' id='word_1_145' title='bbox 362 2370 378 2418; x_wconf 91' lang='lat' dir='ltr'>i.</span> <span class='ocrx_word' id='word_1_146' title='bbox 390 2371 412 2418; x_wconf 84' lang='lat'>7.</span> <span class='ocrx_word' id='word_1_147' title='bbox 444 2370 498 2419; x_wconf 83' lang='lat' dir='ltr'>&#39;l&#39;he</span> <span class='ocrx_word' id='word_1_148' title='bbox 509 2369 603 2434; x_wconf 79' lang='lat' dir='ltr'>fecility</span> <span class='ocrx_word' id='word_1_149' title='bbox 613 2369 674 2418; x_wconf 86' lang='lat' dir='ltr'>with</span> <span class='ocrx_word' id='word_1_150' title='bbox 685 2369 767 2418; x_wconf 85' lang='lat' dir='ltr'>which</span> <span class='ocrx_word' id='word_1_151' title='bbox 778 2386 862 2427; x_wconf 75' lang='lat' dir='ltr'>ernon</span> 
     </span>
     <span class='ocr_line' id='line_1_25' title="bbox 67 2435 863 2500; baseline -0.004 -14"><span class='ocrx_word' id='word_1_152' title='bbox 67 2437 98 2486; x_wconf 89' lang='lat' dir='ltr'>in</span> <span class='ocrx_word' id='word_1_153' title='bbox 117 2435 156 2485; x_wconf 88' lang='lat' dir='ltr'>his</span> <span class='ocrx_word' id='word_1_154' title='bbox 171 2435 270 2484; x_wconf 88' lang='lat' dir='ltr'>humble</span> <span class='ocrx_word' id='word_1_155' title='bbox 289 2435 412 2483; x_wconf 86' lang='lat' dir='ltr'>condition</span> <span class='ocrx_word' id='word_1_156' title='bbox 429 2435 561 2484; x_wconf 83' lang='lat' dir='ltr'>succeeded</span> <span class='ocrx_word' id='word_1_157' title='bbox 572 2435 598 2482; x_wconf 92' lang='lat' dir='ltr'>in</span> <span class='ocrx_word' id='word_1_158' title='bbox 609 2435 670 2484; x_wconf 92' lang='lat' dir='ltr'>suoh</span> <span class='ocrx_word' id='word_1_159' title='bbox 687 2451 719 2483; x_wconf 84' lang='lat' dir='ltr'>en</span> <span class='ocrx_word' id='word_1_160' title='bbox 730 2435 863 2500; x_wconf 81' lang='lat' dir='ltr'>enterprisc</span> 
     </span>
     <span class='ocr_line' id='line_1_26' title="bbox 68 2499 782 2568; baseline -0.003 -18"><span class='ocrx_word' id='word_1_161' title='bbox 68 2517 132 2568; x_wconf 76' lang='lat' dir='ltr'>gave</span> <span class='ocrx_word' id='word_1_162' title='bbox 142 2501 209 2550; x_wconf 84' lang='lat' dir='ltr'>birth</span> <span class='ocrx_word' id='word_1_163' title='bbox 220 2499 336 2564; x_wconf 78' lang='lat' dir='ltr'>probably</span> <span class='ocrx_word' id='word_1_164' title='bbox 347 2506 372 2548; x_wconf 81' lang='lat' dir='ltr'>to</span> <span class='ocrx_word' id='word_1_165' title='bbox 381 2499 421 2548; x_wconf 83' lang='lat' dir='ltr'>the</span> <span class='ocrx_word' id='word_1_166' title='bbox 433 2499 544 2549; x_wconf 66' lang='lat' dir='ltr'>iebulous</span> <span class='ocrx_word' id='word_1_167' title='bbox 555 2506 609 2562; x_wconf 80' lang='lat' dir='ltr'>pert</span> <span class='ocrx_word' id='word_1_168' title='bbox 620 2499 649 2548; x_wconf 82' lang='lat' dir='ltr'>of</span> <span class='ocrx_word' id='word_1_169' title='bbox 655 2500 696 2549; x_wconf 85' lang='lat' dir='ltr'>the</span> <span class='ocrx_word' id='word_1_170' title='bbox 707 2506 782 2564; x_wconf 79' lang='lat' dir='ltr'>story.</span> 
     </span>
    </p>

    <p class='ocr_par' dir='ltr' id='par_1_13' title="bbox 67 2561 867 2894">
     <span class='ocr_line' id='line_1_27' title="bbox 102 2561 867 2629; baseline -0.013 -9"><span class='ocrx_word' id='word_1_171' title='bbox 102 2567 116 2620; x_wconf 88' lang='lat'>†</span> <span class='ocrx_word' id='word_1_172' title='bbox 137 2568 169 2617; x_wconf 87' lang='lat' dir='ltr'>Ut</span> <span class='ocrx_word' id='word_1_173' title='bbox 191 2565 279 2629; x_wconf 81' lang='lat' dir='ltr'>ferunt</span> <span class='ocrx_word' id='word_1_174' title='bbox 300 2563 400 2628; x_wconf 76' lang='lat' dir='ltr'>subulo.</span> <span class='ocrx_word' id='word_1_175' title='bbox 431 2565 518 2616; x_wconf 84' lang='lat' dir='ltr'>Cicero</span> <span class='ocrx_word' id='word_1_176' title='bbox 544 2581 646 2627; x_wconf 82' lang='lat' dir='ltr'>pursues</span> <span class='ocrx_word' id='word_1_177' title='bbox 673 2565 715 2614; x_wconf 82' lang='lat' dir='ltr'>the</span> <span class='ocrx_word' id='word_1_178' title='bbox 736 2564 815 2613; x_wconf 88' lang='lat' dir='ltr'>words</span> <span class='ocrx_word' id='word_1_179' title='bbox 837 2561 867 2610; x_wconf 80' lang='lat' dir='ltr'>of</span> 
     </span>
     <span class='ocr_line' id='line_1_28' title="bbox 67 2623 862 2695; baseline -0.005 -15"><span class='ocrx_word' id='word_1_180' title='bbox 67 2629 235 2682; x_wconf 76' lang='lat' dir='ltr'>Pletoz-Ksl</span> <span class='ocrx_word' id='word_1_181' title='bbox 244 2628 298 2680; x_wconf 71' lang='grc' dir='ltr'><strong><em>ἰδεῖν</em></strong></span> <span class='ocrx_word' id='word_1_182' title='bbox 308 2633 373 2679; x_wconf 68' lang='grc' dir='ltr'>ἄλλα</span> <span class='ocrx_word' id='word_1_183' title='bbox 381 2649 409 2679; x_wconf 72' lang='lat' dir='ltr'>ru</span> <span class='ocrx_word' id='word_1_184' title='bbox 418 2630 452 2688; x_wconf 70' lang='lat' dir='ltr'>dl,</span> <span class='ocrx_word' id='word_1_185' title='bbox 459 2632 472 2678; x_wconf 77' lang='grc' dir='ltr'><strong><em>ἃ</em></strong></span> <span class='ocrx_word' id='word_1_186' title='bbox 479 2630 652 2695; x_wconf 62' lang='grc' dir='ltr'>μυθολογοῦσι,</span> <span class='ocrx_word' id='word_1_187' title='bbox 663 2630 809 2693; x_wconf 62' lang='grc' dir='ltr'>θαυματὰ,</span> <span class='ocrx_word' id='word_1_188' title='bbox 818 2623 862 2677; x_wconf 69' lang='lat' dir='ltr'>uel</span> 
     </span>
     <span class='ocr_line' id='line_1_29' title="bbox 70 2693 857 2815; baseline -0.01 -1"><span class='ocrx_word' id='word_1_189' title='bbox 70 2693 678 2815; x_wconf 44' lang='lat' dir='ltr'>hi⁰llnirldh⁸⁰²b⁰li1bffuilliffilrld&#39;tmrn</span> <span class='ocrx_word' id='word_1_190' title='bbox 695 2757 724 2807; x_wconf 77' lang='lat' dir='ltr'>of</span> <span class='ocrx_word' id='word_1_191' title='bbox 734 2757 775 2806; x_wconf 70' lang='lat' dir='ltr'>ue</span> <span class='ocrx_word' id='word_1_192' title='bbox 792 2757 857 2807; x_wconf 68' lang='lat' dir='ltr'>nanu</span> 
     </span>
     <span class='ocr_line' id='line_1_30' title="bbox 70 2778 865 2894; baseline 0.004 -18"><span class='ocrx_word' id='word_1_193' title='bbox 70 2827 102 2880; x_wconf 70' lang='lat' dir='ltr'>sie</span> <span class='ocrx_word' id='word_1_194' title='bbox 116 2779 217 2878; x_wconf 53' lang='lat' dir='ltr'>elate:</span> <span class='ocrx_word' id='word_1_195' title='bbox 226 2829 268 2879; x_wconf 66' lang='lat' dir='ltr'>‘riu</span> <span class='ocrx_word' id='word_1_196' title='bbox 279 2797 367 2894; x_wconf 44' lang='lat' dir='ltr'>iugis·</span> <span class='ocrx_word' id='word_1_197' title='bbox 430 2778 448 2826; x_wconf 66' lang='lat' dir='ltr'>g</span> <span class='ocrx_word' id='word_1_198' title='bbox 664 2813 668 2822; x_wconf 42' lang='lat'><strong><em>¹</em></strong></span> <span class='ocrx_word' id='word_1_199' title='bbox 858 2792 865 2816; x_wconf 48' lang='lat' dir='ltr'>l</span> 
     </span>
    </p>
   </div>
   <div class='ocr_carea' id='block_1_8' title="bbox 446 2893 502 2947">
    <p class='ocr_par' dir='ltr' id='par_1_14' title="bbox 446 2893 502 2947">
     <span class='ocr_line' id='line_1_31' title="bbox 446 2893 502 2947; baseline 0 0"><span class='ocrx_word' id='word_1_200' title='bbox 446 2893 502 2947; x_wconf 79' lang='lat'>2⁰*</span> 
     </span>
    </p>
   </div>
   <div class='ocr_carea' id='block_1_9' title="bbox 0 0 950 3224">
    <p class='ocr_par' dir='ltr' id='par_1_15' title="bbox 0 0 950 3224">
     <span class='ocr_line' id='line_1_32' title="bbox 0 0 950 3224; baseline 0 0"><span class='ocrx_word' id='word_1_201' title='bbox 0 0 950 3224; x_wconf 95' lang='lat' dir='ltr'> </span> 
     </span>
    </p>
   </div>
  </div>
 </body>
</html>
