1882 3216
84 221 122 278 78
145 236 147 240 -
375 207 593 260 odorricus.

89 359 147 418 iera
159 358 243 416 etiem
256 353 328 413 belia
339 353 449 412 oiviliat
471 369 533 424 que
542 349 644 426 gravis,
656 356 685 406 et
697 349 777 407 fortis
788 349 870 417 civis,

89 437 166 496 etin
185 453 215 492 re
238 433 350 510 publiea
369 431 471 508 dignus
496 429 653 505 principatu
675 427 765 503 fugiet
789 437 872 500 atque

90 514 188 581 oderit,
200 511 341 585 tradetque
357 527 389 568 se
403 519 490 568 totum
505 508 546 564 rei
555 506 683 583 publice,
698 523 793 578 neque
803 524 871 583 opes

90 602 137 650 aut
162 591 315 667 potentiam
342 587 554 653 consectabitur,
578 594 717 656 totamque
737 603 803 642 eam
830 584 872 642 sio

91 671 220 737 tuebitur,
233 678 265 727 ut
282 669 414 727 omnibus
433 665 569 723 eoneuiat.
611 662 674 720 Neo
698 679 766 720 vero
781 663 873 720 orimi-

90 749 173 806 nibus
187 747 264 806 ialsis
279 748 309 805 in
322 745 418 805 odium
432 741 625 801 autinvidiarn
641 759 813 812 quemquam
826 757 874 798 vo·

90 827 178 885 oabit:
200 826 371 898 omninoque
385 825 424 882 ita
438 821 554 898 justitie
574 820 771 891 honestatique
784 818 875 876 adhe·

53 901 57 907 ’
90 915 191 972 resset,
212 913 251 972 ut,
266 903 334 962 dum
360 921 395 961 ea
421 907 577 966 euaserat,
601 898 731 970 quamvis
756 898 876 975 graviter

91 983 241 1051 offendat*
252 993 427 1056 mortemque
434 987 548 1058 oppetat
555 977 659 1056 potius,
671 995 756 1049 quam
767 975 877 1034 deserat

89 1061 148 1130 iila,
163 1079 225 1136 quae
238 1061 308 1120 dixi.

132 1140 295 1200 Miserrima
322 1138 438 1198 omnino
465 1134 579 1193 ambitio
606 1141 651 1190 eat
679 1132 877 1205 honoremque

93 1220 235 1277 eontentio
244 1219 268 1280 :i
293 1217 328 1274 de
348 1235 403 1288 qua
422 1215 552 1290 preclare
572 1211 647 1289 apud
673 1211 805 1270 eumdem
833 1221 877 1268 est
931 1215 932 1218 ’

93 1297 268 1367 Platonem,‡
281 1294 410 1350 similiter
423 1291 513 1348 faeere
533 1309 594 1356 eos,
610 1289 659 1361 qui
674 1291 744 1347 inter
764 1307 797 1346 se
811 1307 878 1346 eon·
931 1317 932 1322 κ

92 1373 248 1438 tenderent,
257 1381 319 1429 uter
332 1370 425 1445 potius
437 1387 497 1428 rem
509 1369 649 1444 publieam
661 1367 876 1436 administraret,

93 1459 126 1508 ut
142 1451 167 1506 si
192 1457 282 1507 naute
306 1454 452 1514 (reuerent,
480 1447 542 1518 quis
570 1465 668 1505 eorum
695 1447 878 1522 potissimam

95 1529 268 1604 gubernaret.
309 1525 445 1596 Idemque
464 1525 617 1602 proeoipit,§
633 1534 663 1582 ut
676 1543 725 1582 eos
751 1523 880 1582 adversa-

94 1607 153 1663 rios
173 1605 378 1670 existimemus,
399 1603 449 1675 qui
470 1621 546 1661 arma
565 1612 661 1662 eontra
684 1603 790 1670 serant3
820 1621 880 1660 nen

95 1701 155 1749 eos,
170 1683 220 1756 qui
246 1701 298 1742 suo
315 1681 423 1760 judicio
444 1683 514 1738 tueri
534 1700 593 1738 rem
614 1681 753 1759 publicam
775 1681 878 1738 veliet:

95 1762 186 1834 qualis
206 1761 259 1820 suit
278 1762 350 1820 inter
369 1761 404 1820 Ρ.
419 1760 592 1826 Asrieanum,
613 1770 642 1817 et
662 1759 698 1825 Q.
714 1759 878 1826 Metellumli

96 1840 158 1898 aine
169 1841 316 1899 aoerbitate
326 1839 476 1898 dissensio.

135 1917 199 1976 Neo
213 1937 279 1977 vero
300 1916 439 1982 audiendi,
454 1916 573 1992 graviter
591 1915 641 1987 qui
666 1914 790 1971 inimicis
812 1915 880 1971 iras-

95 1996 215 2055 oendum
235 1997 379 2073 putabunt,
394 1993 478 2068 idque
498 1993 669 2070 magnanimi
689 2001 722 2050 et
730 1993 812 2050 fortis
827 1993 880 2050 viri
930 2065 931 2082 Χ

127 2168 142 2200 ⁴¹
160 2165 277 2279 lewlh'
292 2168 403 2238 grauiter
420 2165 536 2228 offendet:
563 2165 656 2232 though
674 2165 706 2215 ho
723 2166 795 2216 incur
812 2174 883 2232 great
930 2165 931 2231 i

95 2245 182 2294 person
216 2246 250 2279 ns
630 2263 636 2274 .

128 2295 141 2345 †
151 2295 320 2358 Homerumque
329 2295 451 2344 contentio.
476 2294 566 2344 “Nove
576 2295 643 2354 dixit,
660 2295 833 2344 omnemionem
845 2296 884 2346 ho-

94 2373 188 2408 norum.
219 2359 403 2408 Contentionem
415 2367 552 2423 suseeptem
561 2360 680 2410 honorum
695 2359 782 2425 gratia
815 2362 884 2412 Nam

95 2423 197 2472 honores
207 2429 278 2472 vocat
288 2424 469 2488 megistratus.”
502 2424 598 2474 Erasm.

127 2487 138 2540 i
149 2487 283 2538 Platonem.
299 2487 328 2537 L.
339 2489 369 2538 vi.
381 2489 411 2538 de
422 2489 523 2550 Republ.

127 2553 141 2612 d
153 2552 265 2616 Idemque
273 2554 390 2618 precipit.
407 2552 436 2601 L.
447 2553 478 2601 vi.
490 2554 538 2602 und
548 2553 581 2602 ix.
593 2555 622 2604 de
632 2553 734 2616 Repubh

129 2618 140 2675 ΙΙ
152 2617 183 2666 P.
195 2617 350 2678 Africanam,
360 2625 384 2666 et
396 2617 426 2676 Q.
436 2615 567 2668 Metellum.
594 2619 650 2668 The
665 2633 777 2683 younger
786 2618 885 2669 Africa-

95 2696 150 2739 nus,
160 2682 220 2730 with
237 2681 350 2732 Metellus
370 2682 550 2732 Macedonicus.
581 2683 636 2731 The
651 2684 721 2733 letter
739 2699 793 2734 was
810 2686 887 2734 twice

96 2745 212 2810 Princeps
222 2745 336 2796 Sensum:
352 2747 391 2796 hie
402 2747 495 2798 funeral
511 2764 562 2798 wne
578 2749 689 2800 stoenmd
700 2750 733 2812 by
744 2747 801 2798 four
817 2765 888 2807 που,

119 2809 126 2822 “
154 2810 285 2862 ‘'comuler
296 2811 399 2878 dignity.
431 2811 539 2864 Velleius
550 2811 603 2861 Pet.
614 2812 630 2862 i.
639 2811 676 2862 ll.
708 2813 761 2862 Vel.
773 2813 887 2864 Man.
