1882 3216
105 199 143 252 72
393 189 439 238 DE
456 187 609 238 omens.

107 336 178 393 blut.
207 332 358 401 catorum*
372 329 476 390 bellum
492 330 604 389 tertium
616 329 776 400 Punicum
792 331 892 403 inquo

106 415 189 472 etiam
204 412 305 470 mortni
319 411 405 468 valuit
418 411 574 468 auctoritas.
703 479 706 484 Δ

144 492 236 557 Quare
257 489 413 565 expetenda
433 489 547 560 quidem
562 487 651 563 magis
666 496 710 544 est
724 485 890 545 decernendi

104 571 186 635 ratio,
205 587 288 640 quam
309 567 466 625 decertandi
487 566 635 624 fortitudo:
658 566 708 624 sed
725 567 891 631 cavendum,

104 665 140 705 ne
162 647 191 704 id
211 646 332 708 bellandi
353 647 441 724 magis
456 645 531 720 fuga,
547 663 629 718 quam
645 645 770 702 utilitatis
785 646 892 702 ratione

104 725 247 783 iaciamus.
287 725 397 782 Bellum
418 734 510 782 autem
525 725 564 780 ita
577 724 755 799 suscipiatur,
771 735 803 797 ut
822 722 893 780 nihil

104 803 188 869 aliud,
203 804 259 862 nisi
280 822 338 880 pax
359 802 475 875 quaesita
494 802 628 860 videatur.
670 801 765 859 Fortis
779 821 848 860 vero
865 810 894 858 et

104 883 257 940 constantis
272 892 323 950 est,
336 901 392 940 non
405 882 555 957 perturbari
571 881 599 938 in
614 882 696 938 rebus
708 880 828 955 asperis,
838 897 891 938 nec

103 962 316 1018 tumultuantem
341 960 375 1018 de
399 959 485 1036 gradu
510 959 619 1035 dejici,†
641 968 673 1016 ut
696 958 813 1025 dicitur;
842 957 892 1016 sed

103 1040 235 1116 prasenti
262 1041 356 1098 animo
383 1039 424 1098 uti
451 1048 480 1096 et
506 1037 636 1104 consilio,
662 1055 715 1095 nec
742 1056 759 1094 a
784 1037 892 1095 ratione

103 1117 257 1176 discedere.

142 1198 319 1268 Quamquam
346 1195 402 1252 hoc
429 1193 525 1262 animi,
554 1191 638 1266 illudss
668 1193 752 1250 etiam
784 1193 892 1270 ingenii

103 1276 198 1348 magni
219 1283 271 1337 est,
292 1272 445 1346 precipere
471 1271 638 1345 cogitatione
662 1271 764 1339 futura,
788 1282 818 1328 et
844 1273 892 1329 ali-

103 1361 207 1421 quanto
229 1359 292 1406 ante
315 1346 494 1414 constituere,
515 1346 582 1418 quid
604 1347 728 1405 accidere
750 1350 843 1424 possit
862 1351 892 1408 in

102 1435 247 1498 utramque
268 1434 385 1498 partem,
400 1433 429 1480 et
449 1424 517 1495 quid
531 1425 669 1500 agendum
684 1426 730 1492 sit,
745 1428 891 1500 numquid

103 1507 246 1571 evenerit;
267 1519 319 1560 nec
333 1502 517 1570 committere,
532 1503 725 1576 utaliquando
740 1504 890 1563 dicendum

103 1581 149 1650 sit,
165 1600 223 1641 non
236 1581 389 1660 putaram.§
430 1579 502 1638 Haec
515 1592 581 1640 sunt
594 1600 681 1658 opera
693 1583 788 1660 magui
803 1585 890 1642 animi
931 1575 932 1601 ¹

363 1751 522 1805 euterun
538 1751 626 1802 XXIII.

135 1879 275 1932 *Catonia
306 1880 432 1932 Subintell
455 1879 560 1931 cornilio.
592 1881 712 1948 Alluding
731 1887 757 1930 to
776 1880 817 1934 his
836 1897 890 1932 con·
927 1943 928 1946 Ἴ

103 1944 193 1996 viction
204 1947 233 1996 of
238 1948 279 1996 the
290 1947 370 2010 policy
381 1948 411 1996 of
417 1947 557 2011 destroying
568 1946 697 2011 Carthage,
707 1945 790 1995 which
801 1963 854 1996 was
865 1963 890 1996 ec
927 1949 928 1959 ¹

103 2010 169 2060 osten
185 2012 344 2075 pronounced,
356 2013 404 2060 and
420 2029 447 2060 as
463 2012 529 2060 ollen
540 2013 643 2073 opposed
654 2014 686 2076 by
698 2011 781 2073 Scipio
792 2011 890 2060 Nasica
926 2009 927 2049 i

102 2075 164 2124 Vide
181 2075 244 2124 Plut.
262 2077 288 2123 in
306 2076 368 2123 Vita
386 2077 446 2125 Vell.
462 2076 607 2126 Paterclib.
619 2077 635 2124 i.
647 2093 667 2125 c.
681 2076 718 2125 13.
750 2076 807 2124 The
826 2077 890 2125 third
925 2087 926 2139 l

103 2139 182 2188 Punic
193 2155 243 2188 war
254 2156 305 2188 was
315 2146 358 2187 not
369 2133 519 2200 terminated,
530 2143 562 2205 by
574 2141 615 2189 the
631 2141 781 2190 destruction
792 2141 823 2190 of
833 2142 890 2190 Car-
924 2171 925 2228 p

102 2198 230 2266 thegs,hill
241 2205 313 2254 about
324 2203 391 2252 three
401 2221 473 2269 years
485 2206 545 2255 aller
556 2206 596 2254 the
608 2207 679 2255 death
691 2206 720 2255 of
730 2206 799 2255 Cato.

134 2267 147 2319 †
164 2267 202 2315 De
212 2268 294 2332 gradu
305 2268 385 2331 dejici.
416 2271 441 2319 A
452 2272 576 2333 metaphor
587 2271 661 2320 taken
672 2272 735 2320 from
746 2271 788 2319 the
799 2271 891 2348 gladia-

102 2331 172 2380 toria]
189 2333 302 2381 combsts.
334 2333 406 2382 Stare
422 2336 450 2382 ia
500 2336 557 2393 adu,
573 2341 598 2384 to
618 2338 688 2384 stand
707 2336 791 2399 firmly
808 2353 835 2384 m
852 2336 890 2384 bis

102 2395 216 2458 position;
236 2396 357 2460 degrada
368 2398 448 2461 dejici,
460 2351 553 2463 gpelli,
564 2402 670 2458 monem
689 2401 775 2448 tolose
787 2402 890 2466 ground.

134 2459 314 2510 lHoc-illud.
346 2463 396 2510 Hoc
415 2463 489 2511 refers
504 2470 529 2512 tc
546 2464 587 2512 the
599 2466 674 2524 verbs,
686 2481 733 2514 non
747 2466 890 2528 perturbari

102 2539 145 2573 nec
157 2524 246 2590 dejici:
258 2525 327 2584 illud,
338 2533 363 2576 to
370 2529 507 2592 precipere,
519 2530 566 2577 arrd
577 2529 617 2578 the
629 2532 698 2579 verbs
709 2529 844 2596 following.

134 2589 147 2648 d
164 2589 219 2638 Non
231 2597 353 2652 putaram.
385 2592 477 2641 Seneca
493 2595 532 2654 (de
549 2594 597 2652 Ira,
613 2595 638 2643 ii.
654 2595 702 2656 ³1.)
719 2596 850 2646 attributes
866 2602 890 2644 to

102 2653 193 2703 Fabius
220 2653 351 2712 Maximus,
370 2656 411 2705 the
440 2657 537 2706 remark
559 2658 612 2707 that
633 2660 682 2708 this
704 2661 847 2721 expression
869 2661 889 2709 is

102 2717 234 2828 peculiarly
246 2719 409 2796 unbecoming
420 2738 435 2769 a
445 2723 550 2786 general.
582 2723 693 2772 Valerius
705 2723 773 2774 Max.
785 2726 839 2786 (lib.
851 2726 890 2775 vii.

103 2785 136 2846 ἲ,.)
148 2783 272 2832 attributes
287 2789 307 2832 rt
321 2791 346 2834 to
358 2785 439 2849 Scipio
450 2786 587 2836 Africanus.
620 2788 673 2836 One
684 2789 795 2838 instance
807 2791 839 2839 ol'
850 2792 889 2840 tbe

114 2847 210 2898 ‘'uerior
231 2851 350 2898 terestrem
371 2849 401 2899 ot'
421 2850 463 2900 the
484 2849 565 2909 Latin,
587 2853 714 2916 compared
736 2853 799 2905 with
822 2871 889 2906 some
