<?xml version="1.0" encoding="UTF-8"?>
<!DOCTYPE html PUBLIC "-//W3C//DTD XHTML 1.0 Transitional//EN"
    "http://www.w3.org/TR/xhtml1/DTD/xhtml1-transitional.dtd">
<html xmlns="http://www.w3.org/1999/xhtml" xml:lang="en" lang="en">
 <head>
  <title>
</title>
<meta http-equiv="Content-Type" content="text/html;charset=utf-8" />
  <meta name='ocr-system' content='tesseract 3.04.00' />
  <meta name='ocr-capabilities' content='ocr_page ocr_carea ocr_par ocr_line ocrx_word'/>
</head>
<body>
  <div class='ocr_page' id='page_1' title='image "./deofficiislibri04cicegoog_0100.png"; bbox 0 0 1882 3216; ppageno 0'>
   <div class='ocr_carea' id='block_1_1' title="bbox 331 215 857 278">
    <p class='ocr_par' dir='ltr' id='par_1_1' title="bbox 331 215 857 278">
     <span class='ocr_line' id='line_1_1' title="bbox 331 215 857 278; baseline -0.006 -12"><span class='ocrx_word' id='word_1_1' title='bbox 331 217 395 266; x_wconf 80' lang='lat' dir='ltr'>nra.</span> <span class='ocrx_word' id='word_1_2' title='bbox 408 217 425 265; x_wconf 88' lang='lat' dir='ltr'>r.</span> <span class='ocrx_word' id='word_1_3' title='bbox 444 217 514 266; x_wconf 78' lang='lat' dir='ltr'>cra.</span> <span class='ocrx_word' id='word_1_4' title='bbox 527 215 601 264; x_wconf 84' lang='lat' dir='ltr'>xxv.</span> <span class='ocrx_word' id='word_1_5' title='bbox 818 221 857 278; x_wconf 77' lang='lat'>⁷9</span> 
     </span>
    </p>
   </div>
   <div class='ocr_carea' id='block_1_2' title="bbox 52 357 934 2317">
    <p class='ocr_par' dir='ltr' id='par_1_2' title="bbox 52 357 934 2317">
     <span class='ocr_line' id='line_1_2' title="bbox 73 357 856 426; baseline -0.008 -3"><span class='ocrx_word' id='word_1_6' title='bbox 73 361 139 423; x_wconf 81' lang='lat' dir='ltr'>c&#39;asc</span> <span class='ocrx_word' id='word_1_7' title='bbox 167 361 330 419; x_wconf 88' lang='lat' dir='ltr'>censebunt.</span> <span class='ocrx_word' id='word_1_8' title='bbox 371 359 454 418; x_wconf 90' lang='lat' dir='ltr'>Nihil</span> <span class='ocrx_word' id='word_1_9' title='bbox 481 360 556 418; x_wconf 87' lang='lat' dir='ltr'>enirn</span> <span class='ocrx_word' id='word_1_10' title='bbox 584 357 758 426; x_wconf 81' lang='lat' dir='ltr'>laudabilius,</span> <span class='ocrx_word' id='word_1_11' title='bbox 784 360 856 417; x_wconf 86' lang='lat' dir='ltr'>nihil</span> 
     </span>
     <span class='ocr_line' id='line_1_3' title="bbox 73 437 857 518; baseline -0.009 -16"><span class='ocrx_word' id='word_1_12' title='bbox 73 457 180 518; x_wconf 82' lang='lat' dir='ltr'>magno</span> <span class='ocrx_word' id='word_1_13' title='bbox 192 448 221 497; x_wconf 92' lang='lat' dir='ltr'>et</span> <span class='ocrx_word' id='word_1_14' title='bbox 233 439 366 516; x_wconf 74' lang='lat' dir='ltr'>praeclaro</span> <span class='ocrx_word' id='word_1_15' title='bbox 377 439 437 496; x_wconf 83' lang='lat' dir='ltr'>viro</span> <span class='ocrx_word' id='word_1_16' title='bbox 452 437 562 514; x_wconf 75' lang='lat' dir='ltr'>dignius</span> <span class='ocrx_word' id='word_1_17' title='bbox 577 437 760 514; x_wconf 75' lang='lat' dir='ltr'>placabilitate</span> <span class='ocrx_word' id='word_1_18' title='bbox 775 447 857 510; x_wconf 88' lang='lat' dir='ltr'>atquc</span> 
     </span>
     <span class='ocr_line' id='line_1_4' title="bbox 74 515 858 594; baseline -0.006 -17"><span class='ocrx_word' id='word_1_19' title='bbox 74 520 233 578; x_wconf 83' lang='lat' dir='ltr'>clementia.</span> <span class='ocrx_word' id='word_1_20' title='bbox 249 517 282 575; x_wconf 83' lang='lat' dir='ltr'>In</span> <span class='ocrx_word' id='word_1_21' title='bbox 293 518 466 589; x_wconf 75' lang='lat' dir='ltr'>liberiorem</span> <span class='ocrx_word' id='word_1_22' title='bbox 478 518 599 594; x_wconf 87' lang='lat' dir='ltr'>populis,</span> <span class='ocrx_word' id='word_1_23' title='bbox 612 525 639 573; x_wconf 85' lang='lat' dir='ltr'>et</span> <span class='ocrx_word' id='word_1_24' title='bbox 650 515 758 593; x_wconf 89' lang='lat' dir='ltr'>injuris</span> <span class='ocrx_word' id='word_1_25' title='bbox 768 536 858 588; x_wconf 85' lang='lat' dir='ltr'>acqua-</span> 
     </span>
     <span class='ocr_line' id='line_1_5' title="bbox 73 595 858 660; baseline -0.005 -4"><span class='ocrx_word' id='word_1_26' title='bbox 73 599 183 656; x_wconf 82' lang='lat' dir='ltr'>bilitatc</span> <span class='ocrx_word' id='word_1_27' title='bbox 196 597 358 654; x_wconf 80' lang='lat' dir='ltr'>exercenda</span> <span class='ocrx_word' id='word_1_28' title='bbox 376 597 460 653; x_wconf 86' lang='lat' dir='ltr'>ctiam</span> <span class='ocrx_word' id='word_1_29' title='bbox 485 607 529 653; x_wconf 86' lang='lat' dir='ltr'>est</span> <span class='ocrx_word' id='word_1_30' title='bbox 548 595 675 660; x_wconf 79' lang='lat' dir='ltr'>facilitas,</span> <span class='ocrx_word' id='word_1_31' title='bbox 696 605 724 652; x_wconf 90' lang='lat' dir='ltr'>et</span> <span class='ocrx_word' id='word_1_32' title='bbox 743 595 858 652; x_wconf 78' lang='lat' dir='ltr'>altitudo</span> 
     </span>
     <span class='ocr_line' id='line_1_6' title="bbox 76 675 859 749; baseline -0.005 -15"><span class='ocrx_word' id='word_1_33' title='bbox 76 676 175 743; x_wconf 89' lang='lat' dir='ltr'>animi,</span> <span class='ocrx_word' id='word_1_34' title='bbox 188 692 248 748; x_wconf 83' lang='lat' dir='ltr'>quae</span> <span class='ocrx_word' id='word_1_35' title='bbox 260 675 375 733; x_wconf 87' lang='lat' dir='ltr'>dicitur:</span> <span class='ocrx_word' id='word_1_36' title='bbox 397 693 443 741; x_wconf 92' lang='lat' dir='ltr'>ne,</span> <span class='ocrx_word' id='word_1_37' title='bbox 455 675 480 730; x_wconf 88' lang='lat' dir='ltr'>si</span> <span class='ocrx_word' id='word_1_38' title='bbox 491 676 643 731; x_wconf 86' lang='lat' dir='ltr'>irascamur</span> <span class='ocrx_word' id='word_1_39' title='bbox 654 675 859 749; x_wconf 82' lang='lat' dir='ltr'>autintempea-</span> 
     </span>
     <span class='ocr_line' id='line_1_7' title="bbox 75 752 859 829; baseline -0.006 -16"><span class='ocrx_word' id='word_1_40' title='bbox 75 755 135 813; x_wconf 77' lang='lat' dir='ltr'>tivo</span> <span class='ocrx_word' id='word_1_41' title='bbox 156 753 360 820; x_wconf 80' lang='lat' dir='ltr'>accedentibus,</span> <span class='ocrx_word' id='word_1_42' title='bbox 375 762 422 810; x_wconf 89' lang='lat' dir='ltr'>aut</span> <span class='ocrx_word' id='word_1_43' title='bbox 441 752 617 828; x_wconf 88' lang='lat' dir='ltr'>impudenter</span> <span class='ocrx_word' id='word_1_44' title='bbox 638 754 808 829; x_wconf 82' lang='lat' dir='ltr'>rogantibus,</span> <span class='ocrx_word' id='word_1_45' title='bbox 829 753 859 810; x_wconf 90' lang='lat' dir='ltr'>in</span> 
     </span>
     <span class='ocr_line' id='line_1_8' title="bbox 75 831 861 896; baseline -0.006 -4"><span class='ocrx_word' id='word_1_46' title='bbox 75 833 268 892; x_wconf 79' lang='lat' dir='ltr'>morositatem</span> <span class='ocrx_word' id='word_1_47' title='bbox 279 832 423 891; x_wconf 77' lang='lat' dir='ltr'>inutilem*</span> <span class='ocrx_word' id='word_1_48' title='bbox 436 839 465 888; x_wconf 89' lang='lat' dir='ltr'>et</span> <span class='ocrx_word' id='word_1_49' title='bbox 477 831 603 896; x_wconf 83' lang='lat' dir='ltr'>odiosam</span> <span class='ocrx_word' id='word_1_50' title='bbox 614 832 780 889; x_wconf 84' lang='lat' dir='ltr'>incidamus.</span> <span class='ocrx_word' id='word_1_51' title='bbox 821 831 861 888; x_wconf 87' lang='lat' dir='ltr'>Et</span> 
     </span>
     <span class='ocr_line' id='line_1_9' title="bbox 76 910 860 986; baseline -0.005 -16"><span class='ocrx_word' id='word_1_52' title='bbox 76 921 173 970; x_wconf 82' lang='lat' dir='ltr'>tamon</span> <span class='ocrx_word' id='word_1_53' title='bbox 186 911 225 968; x_wconf 87' lang='lat' dir='ltr'>ita</span> <span class='ocrx_word' id='word_1_54' title='bbox 237 910 378 986; x_wconf 86' lang='lat' dir='ltr'>probanda</span> <span class='ocrx_word' id='word_1_55' title='bbox 391 918 435 966; x_wconf 85' lang='lat' dir='ltr'>est</span> <span class='ocrx_word' id='word_1_56' title='bbox 447 910 632 966; x_wconf 88' lang='lat' dir='ltr'>mansuetudo</span> <span class='ocrx_word' id='word_1_57' title='bbox 646 921 729 982; x_wconf 84' lang='lat' dir='ltr'>atque</span> <span class='ocrx_word' id='word_1_58' title='bbox 740 911 860 966; x_wconf 90' lang='lat' dir='ltr'>clemen·</span> 
     </span>
     <span class='ocr_line' id='line_1_10' title="bbox 77 988 860 1063; baseline -0.004 -16"><span class='ocrx_word' id='word_1_59' title='bbox 77 991 127 1057; x_wconf 83' lang='lat' dir='ltr'>tie,</span> <span class='ocrx_word' id='word_1_60' title='bbox 137 999 170 1047; x_wconf 85' lang='lat' dir='ltr'>ut</span> <span class='ocrx_word' id='word_1_61' title='bbox 180 988 341 1046; x_wconf 82' lang='lat' dir='ltr'>adhibeatur</span> <span class='ocrx_word' id='word_1_62' title='bbox 351 989 392 1046; x_wconf 90' lang='lat' dir='ltr'>rei</span> <span class='ocrx_word' id='word_1_63' title='bbox 402 988 521 1063; x_wconf 76' lang='lat' dir='ltr'>publica</span> <span class='ocrx_word' id='word_1_64' title='bbox 533 1005 631 1044; x_wconf 83' lang='lat' dir='ltr'>caussa</span> <span class='ocrx_word' id='word_1_65' title='bbox 641 989 784 1054; x_wconf 81' lang='lat' dir='ltr'>severitas,</span> <span class='ocrx_word' id='word_1_66' title='bbox 799 989 860 1045; x_wconf 88' lang='lat' dir='ltr'>sinc</span> 
     </span>
     <span class='ocr_line' id='line_1_11' title="bbox 77 1066 861 1141; baseline -0.004 -16"><span class='ocrx_word' id='word_1_67' title='bbox 77 1087 134 1141; x_wconf 82' lang='lat' dir='ltr'>qua</span> <span class='ocrx_word' id='word_1_68' title='bbox 145 1067 330 1125; x_wconf 85' lang='lat' dir='ltr'>administrari</span> <span class='ocrx_word' id='word_1_69' title='bbox 344 1068 442 1124; x_wconf 88' lang='lat' dir='ltr'>civitas</span> <span class='ocrx_word' id='word_1_70' title='bbox 457 1083 514 1122; x_wconf 90' lang='lat' dir='ltr'>non</span> <span class='ocrx_word' id='word_1_71' title='bbox 527 1075 628 1140; x_wconf 88' lang='lat' dir='ltr'>potest.</span> <span class='ocrx_word' id='word_1_72' title='bbox 655 1066 757 1123; x_wconf 86' lang='lat' dir='ltr'>Omnis</span> <span class='ocrx_word' id='word_1_73' title='bbox 769 1077 861 1122; x_wconf 90' lang='lat' dir='ltr'>autcm</span> 
     </span>
     <span class='ocr_line' id='line_1_12' title="bbox 77 1143 862 1220; baseline -0.005 -16"><span class='ocrx_word' id='word_1_74' title='bbox 77 1155 106 1205; x_wconf 82' lang='lat' dir='ltr'>et</span> <span class='ocrx_word' id='word_1_75' title='bbox 114 1145 330 1213; x_wconf 78' lang='lat' dir='ltr'>animadversio,</span> <span class='ocrx_word' id='word_1_76' title='bbox 337 1157 366 1203; x_wconf 90' lang='lat' dir='ltr'>et</span> <span class='ocrx_word' id='word_1_77' title='bbox 375 1145 520 1220; x_wconf 78' lang='lat' dir='ltr'>castigatio</span> <span class='ocrx_word' id='word_1_78' title='bbox 530 1146 699 1202; x_wconf 90' lang='lat' dir='ltr'>contumelia</span> <span class='ocrx_word' id='word_1_79' title='bbox 708 1163 805 1201; x_wconf 84' lang='lat' dir='ltr'>vacare</span> <span class='ocrx_word' id='word_1_80' title='bbox 816 1143 862 1200; x_wconf 91' lang='lat' dir='ltr'>de·</span> 
     </span>
     <span class='ocr_line' id='line_1_13' title="bbox 77 1223 862 1300; baseline -0.004 -17"><span class='ocrx_word' id='word_1_81' title='bbox 77 1227 144 1283; x_wconf 83' lang='lat' dir='ltr'>bet:</span> <span class='ocrx_word' id='word_1_82' title='bbox 164 1241 255 1296; x_wconf 80' lang='lat' dir='ltr'>neque</span> <span class='ocrx_word' id='word_1_83' title='bbox 270 1223 304 1280; x_wconf 84' lang='lat' dir='ltr'>ad</span> <span class='ocrx_word' id='word_1_84' title='bbox 317 1225 389 1300; x_wconf 80' lang='lat' dir='ltr'>ejus,</span> <span class='ocrx_word' id='word_1_85' title='bbox 402 1225 450 1296; x_wconf 83' lang='lat' dir='ltr'>qni</span> <span class='ocrx_word' id='word_1_86' title='bbox 463 1223 590 1298; x_wconf 78' lang='lat' dir='ltr'>puniturl</span> <span class='ocrx_word' id='word_1_87' title='bbox 603 1224 734 1296; x_wconf 83' lang='lat' dir='ltr'>aliquem,</span> <span class='ocrx_word' id='word_1_88' title='bbox 744 1233 791 1280; x_wconf 91' lang='lat' dir='ltr'>aut</span> <span class='ocrx_word' id='word_1_89' title='bbox 803 1241 862 1280; x_wconf 89' lang='lat' dir='ltr'>ver·</span> 
     </span>
     <span class='ocr_line' id='line_1_14' title="bbox 77 1301 842 1378; baseline -0.005 -17"><span class='ocrx_word' id='word_1_90' title='bbox 77 1305 124 1361; x_wconf 90' lang='lat' dir='ltr'>bis</span> <span class='ocrx_word' id='word_1_91' title='bbox 138 1303 260 1378; x_wconf 64' lang='lat' dir='ltr'>fatigati</span> <span class='ocrx_word' id='word_1_92' title='bbox 273 1302 324 1359; x_wconf 80' lang='lat' dir='ltr'>scd</span> <span class='ocrx_word' id='word_1_93' title='bbox 337 1302 372 1360; x_wconf 89' lang='lat' dir='ltr'>ad</span> <span class='ocrx_word' id='word_1_94' title='bbox 386 1303 427 1359; x_wconf 87' lang='lat' dir='ltr'>rei</span> <span class='ocrx_word' id='word_1_95' title='bbox 440 1302 558 1378; x_wconf 87' lang='lat' dir='ltr'>publicae</span> <span class='ocrx_word' id='word_1_96' title='bbox 578 1302 723 1359; x_wconf 87' lang='lat' dir='ltr'>utilitatem</span> <span class='ocrx_word' id='word_1_97' title='bbox 737 1301 842 1359; x_wconf 77' lang='lat' dir='ltr'>referri.</span> 
     </span>
     <span class='ocr_line' id='line_1_15' title="bbox 119 1380 862 1457; baseline -0.001 -19"><span class='ocrx_word' id='word_1_98' title='bbox 119 1380 288 1438; x_wconf 73' lang='lat' dir='ltr'>Cavendum</span> <span class='ocrx_word' id='word_1_99' title='bbox 312 1390 356 1438; x_wconf 84' lang='lat' dir='ltr'>est</span> <span class='ocrx_word' id='word_1_100' title='bbox 377 1382 470 1446; x_wconf 87' lang='lat' dir='ltr'>etiam,</span> <span class='ocrx_word' id='word_1_101' title='bbox 491 1399 528 1438; x_wconf 89' lang='lat' dir='ltr'>ne</span> <span class='ocrx_word' id='word_1_102' title='bbox 548 1381 637 1457; x_wconf 89' lang='lat' dir='ltr'>major</span> <span class='ocrx_word' id='word_1_103' title='bbox 663 1401 755 1457; x_wconf 87' lang='lat' dir='ltr'>poena,</span> <span class='ocrx_word' id='word_1_104' title='bbox 779 1399 862 1454; x_wconf 89' lang='lat' dir='ltr'>quam</span> 
     </span>
     <span class='ocr_line' id='line_1_16' title="bbox 78 1458 863 1538; baseline 0.001 -21"><span class='ocrx_word' id='word_1_105' title='bbox 78 1461 231 1536; x_wconf 70' lang='lat' dir='ltr'>culpesit:</span> <span class='ocrx_word' id='word_1_106' title='bbox 253 1468 282 1516; x_wconf 83' lang='lat' dir='ltr'>ct</span> <span class='ocrx_word' id='word_1_107' title='bbox 294 1479 330 1517; x_wconf 88' lang='lat' dir='ltr'>ne</span> <span class='ocrx_word' id='word_1_108' title='bbox 343 1458 443 1516; x_wconf 86' lang='lat' dir='ltr'>iisdem</span> <span class='ocrx_word' id='word_1_109' title='bbox 464 1458 498 1516; x_wconf 87' lang='lat' dir='ltr'>de</span> <span class='ocrx_word' id='word_1_110' title='bbox 513 1460 619 1538; x_wconf 83' lang='lat' dir='ltr'>caussis</span> <span class='ocrx_word' id='word_1_111' title='bbox 640 1460 686 1517; x_wconf 90' lang='lat' dir='ltr'>alii</span> <span class='ocrx_word' id='word_1_112' title='bbox 699 1461 863 1535; x_wconf 88' lang='lat' dir='ltr'>plectantur,</span> 
     </span>
     <span class='ocr_line' id='line_1_17' title="bbox 79 1537 863 1614; baseline -0.001 -17"><span class='ocrx_word' id='word_1_113' title='bbox 79 1541 128 1597; x_wconf 80' lang='lat' dir='ltr'>adii</span> <span class='ocrx_word' id='word_1_114' title='bbox 148 1557 186 1596; x_wconf 86' lang='lat' dir='ltr'>ne</span> <span class='ocrx_word' id='word_1_115' title='bbox 211 1538 385 1614; x_wconf 82' lang='lat' dir='ltr'>appellunter</span> <span class='ocrx_word' id='word_1_116' title='bbox 411 1537 534 1610; x_wconf 84' lang='lat' dir='ltr'>quidem.</span> <span class='ocrx_word' id='word_1_117' title='bbox 575 1538 753 1596; x_wconf 87' lang='lat' dir='ltr'>Prohibenda</span> <span class='ocrx_word' id='word_1_118' title='bbox 771 1548 863 1596; x_wconf 88' lang='lat' dir='ltr'>autern</span> 
     </span>
     <span class='ocr_line' id='line_1_18' title="bbox 78 1616 863 1692; baseline -0.001 -17"><span class='ocrx_word' id='word_1_119' title='bbox 78 1618 206 1676; x_wconf 82' lang='lat' dir='ltr'>maxime</span> <span class='ocrx_word' id='word_1_120' title='bbox 219 1627 263 1674; x_wconf 88' lang='lat' dir='ltr'>est</span> <span class='ocrx_word' id='word_1_121' title='bbox 281 1617 322 1673; x_wconf 89' lang='lat' dir='ltr'>ira</span> <span class='ocrx_word' id='word_1_122' title='bbox 345 1618 375 1673; x_wconf 92' lang='lat' dir='ltr'>in</span> <span class='ocrx_word' id='word_1_123' title='bbox 397 1616 549 1692; x_wconf 83' lang='lat' dir='ltr'>puniendo.</span> <span class='ocrx_word' id='word_1_124' title='bbox 591 1617 753 1688; x_wconf 89' lang='lat' dir='ltr'>Numquam</span> <span class='ocrx_word' id='word_1_125' title='bbox 776 1619 863 1685; x_wconf 89' lang='lat' dir='ltr'>enim,</span> 
     </span>
     <span class='ocr_line' id='line_1_19' title="bbox 79 1695 864 1770; baseline -0.001 -17"><span class='ocrx_word' id='word_1_126' title='bbox 79 1697 169 1754; x_wconf 87' lang='lat' dir='ltr'>iratus</span> <span class='ocrx_word' id='word_1_127' title='bbox 182 1695 233 1768; x_wconf 84' lang='lat' dir='ltr'>qui</span> <span class='ocrx_word' id='word_1_128' title='bbox 246 1695 359 1752; x_wconf 82' lang='lat' dir='ltr'>accedet</span> <span class='ocrx_word' id='word_1_129' title='bbox 372 1695 406 1752; x_wconf 90' lang='lat' dir='ltr'>ad</span> <span class='ocrx_word' id='word_1_130' title='bbox 419 1713 541 1770; x_wconf 77' lang='lat' dir='ltr'>poenam,</span> <span class='ocrx_word' id='word_1_131' title='bbox 557 1695 774 1751; x_wconf 82' lang='lat' dir='ltr'>mediocritatem</span> <span class='ocrx_word' id='word_1_132' title='bbox 788 1696 864 1752; x_wconf 90' lang='lat' dir='ltr'>illam</span> 
     </span>
     <span class='ocr_line' id='line_1_20' title="bbox 79 1773 865 1849; baseline -0.001 -18"><span class='ocrx_word' id='word_1_133' title='bbox 79 1775 198 1841; x_wconf 76' lang='lat' dir='ltr'>tenebit,</span> <span class='ocrx_word' id='word_1_134' title='bbox 206 1791 268 1845; x_wconf 81' lang='lat' dir='ltr'>quae</span> <span class='ocrx_word' id='word_1_135' title='bbox 282 1784 326 1830; x_wconf 88' lang='lat' dir='ltr'>cst</span> <span class='ocrx_word' id='word_1_136' title='bbox 337 1774 409 1831; x_wconf 84' lang='lat' dir='ltr'>inter</span> <span class='ocrx_word' id='word_1_137' title='bbox 422 1773 542 1830; x_wconf 89' lang='lat' dir='ltr'>nimium</span> <span class='ocrx_word' id='word_1_138' title='bbox 556 1781 584 1828; x_wconf 87' lang='lat' dir='ltr'>et</span> <span class='ocrx_word' id='word_1_139' title='bbox 596 1791 710 1846; x_wconf 87' lang='lat' dir='ltr'>parum;</span> <span class='ocrx_word' id='word_1_140' title='bbox 731 1792 793 1845; x_wconf 74' lang='lat' dir='ltr'>quaa</span> <span class='ocrx_word' id='word_1_141' title='bbox 807 1775 865 1849; x_wconf 92' lang='lat' dir='ltr'>pla-</span> 
     </span>
     <span class='ocr_line' id='line_1_21' title="bbox 81 1849 865 1928; baseline 0 -19"><span class='ocrx_word' id='word_1_142' title='bbox 81 1862 128 1910; x_wconf 85' lang='lat' dir='ltr'>cet</span> <span class='ocrx_word' id='word_1_143' title='bbox 141 1853 357 1928; x_wconf 78' lang='lat' dir='ltr'>Peripateticis3</span> <span class='ocrx_word' id='word_1_144' title='bbox 389 1861 417 1910; x_wconf 89' lang='lat' dir='ltr'>ct</span> <span class='ocrx_word' id='word_1_145' title='bbox 436 1861 510 1908; x_wconf 91' lang='lat' dir='ltr'>recte</span> <span class='ocrx_word' id='word_1_146' title='bbox 530 1851 638 1925; x_wconf 89' lang='lat' dir='ltr'>placet:</span> <span class='ocrx_word' id='word_1_147' title='bbox 660 1849 794 1907; x_wconf 90' lang='lat' dir='ltr'>modone</span> <span class='ocrx_word' id='word_1_148' title='bbox 808 1853 865 1909; x_wconf 88' lang='lat' dir='ltr'>lau·</span> 
     </span>
     <span class='ocr_line' id='line_1_22' title="bbox 81 1929 867 1998; baseline -0.003 -9"><span class='ocrx_word' id='word_1_149' title='bbox 81 1931 183 1989; x_wconf 63' lang='lat' dir='ltr'>duent</span> <span class='ocrx_word' id='word_1_150' title='bbox 205 1931 386 1998; x_wconf 86' lang='lat' dir='ltr'>iracundiam,</span> <span class='ocrx_word' id='word_1_151' title='bbox 401 1939 429 1987; x_wconf 89' lang='lat' dir='ltr'>et</span> <span class='ocrx_word' id='word_1_152' title='bbox 450 1929 582 1994; x_wconf 86' lang='lat' dir='ltr'>dicerent,</span> <span class='ocrx_word' id='word_1_153' title='bbox 604 1929 707 1985; x_wconf 89' lang='lat' dir='ltr'>utiliter</span> <span class='ocrx_word' id='word_1_154' title='bbox 731 1948 748 1984; x_wconf 91' lang='lat' dir='ltr'>a</span> <span class='ocrx_word' id='word_1_155' title='bbox 770 1939 867 1987; x_wconf 89' lang='lat' dir='ltr'>natura</span> 
     </span>
     <span class='ocr_line' id='line_1_23' title="bbox 82 2005 928 2082; baseline -0.002 -15"><span class='ocrx_word' id='word_1_156' title='bbox 82 2009 188 2067; x_wconf 79' lang='lat' dir='ltr'>datam.</span> <span class='ocrx_word' id='word_1_157' title='bbox 228 2008 358 2067; x_wconf 85' lang='lat' dir='ltr'>lllarsro</span> <span class='ocrx_word' id='word_1_158' title='bbox 383 2009 512 2066; x_wconf 88' lang='lat' dir='ltr'>omnibus</span> <span class='ocrx_word' id='word_1_159' title='bbox 537 2007 567 2064; x_wconf 90' lang='lat' dir='ltr'>in</span> <span class='ocrx_word' id='word_1_160' title='bbox 591 2009 673 2064; x_wconf 91' lang='lat' dir='ltr'>rebus</span> <span class='ocrx_word' id='word_1_161' title='bbox 697 2005 867 2082; x_wconf 86' lang='lat' dir='ltr'>repudianda</span> <span class='ocrx_word' id='word_1_162' title='bbox 922 2046 928 2051; x_wconf 93' lang='lat'><em>-</em></span> 
     </span>
     <span class='ocr_line' id='line_1_24' title="bbox 84 2085 865 2164; baseline -0.001 -20"><span class='ocrx_word' id='word_1_163' title='bbox 84 2097 138 2157; x_wconf 90' lang='lat' dir='ltr'>est,</span> <span class='ocrx_word' id='word_1_164' title='bbox 154 2087 372 2164; x_wconf 87' lang='lat' dir='ltr'>optandumque,</span> <span class='ocrx_word' id='word_1_165' title='bbox 386 2098 417 2144; x_wconf 91' lang='lat' dir='ltr'>ut</span> <span class='ocrx_word' id='word_1_166' title='bbox 435 2087 465 2160; x_wconf 82' lang='lat' dir='ltr'>ii,</span> <span class='ocrx_word' id='word_1_167' title='bbox 481 2086 529 2159; x_wconf 92' lang='lat' dir='ltr'>qui</span> <span class='ocrx_word' id='word_1_168' title='bbox 548 2093 671 2161; x_wconf 87' lang='lat' dir='ltr'>praesunt</span> <span class='ocrx_word' id='word_1_169' title='bbox 684 2085 724 2142; x_wconf 88' lang='lat' dir='ltr'>rei</span> <span class='ocrx_word' id='word_1_170' title='bbox 738 2087 865 2160; x_wconf 86' lang='lat' dir='ltr'>publicae,</span> 
     </span>
     <span class='ocr_line' id='line_1_25' title="bbox 82 2163 934 2244; baseline 0.001 -21"><span class='ocrx_word' id='word_1_171' title='bbox 82 2166 182 2244; x_wconf 85' lang='lat' dir='ltr'>legum</span> <span class='ocrx_word' id='word_1_172' title='bbox 195 2165 301 2222; x_wconf 90' lang='lat' dir='ltr'>similes</span> <span class='ocrx_word' id='word_1_173' title='bbox 316 2167 398 2239; x_wconf 83' lang='lat' dir='ltr'>sint‚§</span> <span class='ocrx_word' id='word_1_174' title='bbox 413 2184 474 2238; x_wconf 87' lang='lat' dir='ltr'>quac</span> <span class='ocrx_word' id='word_1_175' title='bbox 496 2163 530 2222; x_wconf 91' lang='lat' dir='ltr'>ad</span> <span class='ocrx_word' id='word_1_176' title='bbox 550 2164 723 2240; x_wconf 88' lang='lat' dir='ltr'>puniendum</span> <span class='ocrx_word' id='word_1_177' title='bbox 744 2182 802 2224; x_wconf 87' lang='lat' dir='ltr'>non</span> <span class='ocrx_word' id='word_1_178' title='bbox 816 2167 867 2224; x_wconf 90' lang='lat' dir='ltr'>ira·</span> <span class='ocrx_word' id='word_1_179' title='bbox 933 2207 934 2210; x_wconf 17' lang='grc' dir='ltr'>η</span> 
     </span>
     <span class='ocr_line' id='line_1_26' title="bbox 52 2243 575 2317; baseline -0.008 -11"><span class='ocrx_word' id='word_1_180' title='bbox 52 2303 53 2306; x_wconf 74' lang='grc'>,</span> <span class='ocrx_word' id='word_1_181' title='bbox 84 2243 199 2312; x_wconf 87' lang='lat' dir='ltr'>cundia,</span> <span class='ocrx_word' id='word_1_182' title='bbox 214 2243 265 2300; x_wconf 90' lang='lat' dir='ltr'>sed</span> <span class='ocrx_word' id='word_1_183' title='bbox 278 2245 405 2317; x_wconf 86' lang='lat' dir='ltr'>acquitate</span> <span class='ocrx_word' id='word_1_184' title='bbox 426 2244 575 2302; x_wconf 78' lang='lat' dir='ltr'>ducuntur.</span> 
     </span>
    </p>
   </div>
   <div class='ocr_carea' id='block_1_3' title="bbox 79 2397 873 2856">
    <p class='ocr_par' dir='ltr' id='par_1_3' title="bbox 118 2397 662 2464">
     <span class='ocr_line' id='line_1_27' title="bbox 118 2397 662 2464; baseline 0.004 -17"><span class='ocrx_word' id='word_1_185' title='bbox 118 2400 134 2433; x_wconf 74' lang='lat'>&#39;⁸</span> <span class='ocrx_word' id='word_1_186' title='bbox 151 2397 279 2447; x_wconf 72' lang='lat' dir='ltr'>Imdilem:</span> <span class='ocrx_word' id='word_1_187' title='bbox 291 2397 448 2464; x_wconf 80' lang='lat' dir='ltr'>prejudiciol,</span> <span class='ocrx_word' id='word_1_188' title='bbox 464 2398 628 2449; x_wconf 70' lang='lat' dir='ltr'>macliavum.</span> <span class='ocrx_word' id='word_1_189' title='bbox 659 2427 662 2432; x_wconf 95' lang='lat'>·</span> 
     </span>
    </p>

    <p class='ocr_par' dir='ltr' id='par_1_4' title="bbox 79 2463 870 2658">
     <span class='ocr_line' id='line_1_28' title="bbox 119 2463 869 2530; baseline 0.001 -15"><span class='ocrx_word' id='word_1_190' title='bbox 119 2465 133 2516; x_wconf 92' lang='lat'><strong>†</strong></span> <span class='ocrx_word' id='word_1_191' title='bbox 144 2463 262 2513; x_wconf 77' lang='lat' dir='ltr'>Ponitur.</span> <span class='ocrx_word' id='word_1_192' title='bbox 278 2463 341 2513; x_wconf 85' lang='lat' dir='ltr'>This</span> <span class='ocrx_word' id='word_1_193' title='bbox 352 2468 416 2524; x_wconf 84' lang='lat' dir='ltr'>verb,</span> <span class='ocrx_word' id='word_1_194' title='bbox 428 2468 475 2514; x_wconf 88' lang='lat' dir='ltr'>und</span> <span class='ocrx_word' id='word_1_195' title='bbox 486 2482 501 2512; x_wconf 85' lang='lat' dir='ltr'>a</span> <span class='ocrx_word' id='word_1_196' title='bbox 511 2465 558 2514; x_wconf 87' lang='lat' dir='ltr'>few</span> <span class='ocrx_word' id='word_1_197' title='bbox 567 2465 660 2524; x_wconf 65' lang='lat' dir='ltr'>otham</span> <span class='ocrx_word' id='word_1_198' title='bbox 676 2483 703 2514; x_wconf 87' lang='lat' dir='ltr'>as</span> <span class='ocrx_word' id='word_1_199' title='bbox 708 2465 811 2530; x_wconf 76' lang='lat' dir='ltr'>fabrico,</span> <span class='ocrx_word' id='word_1_200' title='bbox 822 2468 869 2515; x_wconf 84' lang='lat' dir='ltr'>and</span> 
     </span>
     <span class='ocr_line' id='line_1_29' title="bbox 79 2526 870 2596; baseline 0.003 -18"><span class='ocrx_word' id='word_1_201' title='bbox 79 2528 193 2594; x_wconf 81' lang='lat' dir='ltr'>sabrioor</span> <span class='ocrx_word' id='word_1_202' title='bbox 198 2547 208 2587; x_wconf 90' lang='lat'>,·</span> <span class='ocrx_word' id='word_1_203' title='bbox 225 2527 290 2588; x_wconf 79' lang='lat' dir='ltr'>bello,</span> <span class='ocrx_word' id='word_1_204' title='bbox 301 2529 448 2589; x_wconf 35' lang='lat' dir='ltr'>andvtalbm</span> <span class='ocrx_word' id='word_1_205' title='bbox 459 2529 565 2594; x_wconf 78' lang='lat' dir='ltr'>objurgo,</span> <span class='ocrx_word' id='word_1_206' title='bbox 574 2526 622 2578; x_wconf 77' lang='lat' dir='ltr'>aid</span> <span class='ocrx_word' id='word_1_207' title='bbox 630 2531 756 2596; x_wconf 65' lang='lat' dir='ltr'>olp&#39;urgom</span> <span class='ocrx_word' id='word_1_208' title='bbox 767 2534 827 2580; x_wconf 86' lang='lat' dir='ltr'>have</span> <span class='ocrx_word' id='word_1_209' title='bbox 838 2547 870 2579; x_wconf 84' lang='lat' dir='ltr'>an</span> 
     </span>
     <span class='ocr_line' id='line_1_30' title="bbox 86 2594 751 2658; baseline -0.003 -12"><span class='ocrx_word' id='word_1_210' title='bbox 86 2595 166 2646; x_wconf 78' lang='lat' dir='ltr'>active</span> <span class='ocrx_word' id='word_1_211' title='bbox 177 2609 247 2642; x_wconf 87' lang='lat' dir='ltr'>sense</span> <span class='ocrx_word' id='word_1_212' title='bbox 254 2594 281 2642; x_wconf 91' lang='lat' dir='ltr'>in</span> <span class='ocrx_word' id='word_1_213' title='bbox 291 2595 332 2642; x_wconf 88' lang='lat' dir='ltr'>the</span> <span class='ocrx_word' id='word_1_214' title='bbox 344 2598 437 2658; x_wconf 79' lang='lat' dir='ltr'>passiva</span> <span class='ocrx_word' id='word_1_215' title='bbox 448 2597 517 2654; x_wconf 86' lang='lat' dir='ltr'>form,</span> <span class='ocrx_word' id='word_1_216' title='bbox 529 2613 555 2644; x_wconf 86' lang='lat' dir='ltr'>as</span> <span class='ocrx_word' id='word_1_217' title='bbox 563 2595 655 2646; x_wconf 87' lang='lat' dir='ltr'>well&#39;as</span> <span class='ocrx_word' id='word_1_218' title='bbox 667 2598 751 2646; x_wconf 85' lang='lat' dir='ltr'>active.</span> 
     </span>
    </p>

    <p class='ocr_par' dir='ltr' id='par_1_5' title="bbox 121 2657 524 2725">
     <span class='ocr_line' id='line_1_31' title="bbox 121 2657 524 2725; baseline 0 -17"><span class='ocrx_word' id='word_1_219' title='bbox 121 2661 132 2713; x_wconf 68' lang='lat'>1</span> <span class='ocrx_word' id='word_1_220' title='bbox 149 2657 233 2708; x_wconf 78' lang='lat' dir='ltr'>Verbis</span> <span class='ocrx_word' id='word_1_221' title='bbox 244 2659 356 2724; x_wconf 79' lang='lat' dir='ltr'>fatigat:</span> <span class='ocrx_word' id='word_1_222' title='bbox 373 2659 524 2725; x_wconf 65' lang='lat' dir='ltr'>repetenda</span> 
     </span>
    </p>

    <p class='ocr_par' dir='ltr' id='par_1_6' title="bbox 88 2721 873 2856">
     <span class='ocr_line' id='line_1_32' title="bbox 120 2721 870 2786; baseline -0.005 -14"><span class='ocrx_word' id='word_1_223' title='bbox 120 2721 312 2785; x_wconf 70' lang='lat' dir='ltr'>§Simllcuoirtt</span> <span class='ocrx_word' id='word_1_224' title='bbox 345 2725 494 2786; x_wconf 75' lang='lat' dir='ltr'>“Procedant</span> <span class='ocrx_word' id='word_1_225' title='bbox 506 2726 532 2773; x_wconf 91' lang='lat' dir='ltr'>in</span> <span class='ocrx_word' id='word_1_226' title='bbox 548 2724 653 2773; x_wconf 86' lang='lat' dir='ltr'>tribunal</span> <span class='ocrx_word' id='word_1_227' title='bbox 664 2739 713 2771; x_wconf 88' lang='lat' dir='ltr'>non</span> <span class='ocrx_word' id='word_1_228' title='bbox 724 2722 814 2778; x_wconf 84' lang='lat' dir='ltr'>furens,</span> <span class='ocrx_word' id='word_1_229' title='bbox 825 2736 870 2768; x_wconf 86' lang='lat' dir='ltr'>nec</span> 
     </span>
     <span class='ocr_line' id='line_1_33' title="bbox 88 2784 873 2856; baseline -0.011 -17"><span class='ocrx_word' id='word_1_230' title='bbox 88 2789 201 2850; x_wconf 73' lang='lat' dir='ltr'>infantiae,</span> <span class='ocrx_word' id='word_1_231' title='bbox 212 2789 255 2839; x_wconf 75' lang='lat' dir='ltr'>sed</span> <span class='ocrx_word' id='word_1_232' title='bbox 266 2789 333 2840; x_wconf 72' lang='lat' dir='ltr'>uultu</span> <span class='ocrx_word' id='word_1_233' title='bbox 349 2789 433 2856; x_wconf 58' lang='lat' dir='ltr'>legiae*</span> <span class='ocrx_word' id='word_1_234' title='bbox 465 2790 549 2840; x_wconf 76' lang='lat' dir='ltr'>Serico.</span> <span class='ocrx_word' id='word_1_235' title='bbox 560 2789 625 2838; x_wconf 84' lang='lat' dir='ltr'>libi.</span> <span class='ocrx_word' id='word_1_236' title='bbox 636 2789 665 2836; x_wconf 88' lang='lat' dir='ltr'>dc</span> <span class='ocrx_word' id='word_1_237' title='bbox 678 2787 739 2835; x_wconf 77' lang='lat' dir='ltr'>Ira&#39;c.</span> <span class='ocrx_word' id='word_1_238' title='bbox 752 2784 787 2832; x_wconf 90' lang='grc'>16.</span> <span class='ocrx_word' id='word_1_239' title='bbox 799 2800 821 2847; x_wconf 79' lang='lat' dir='ltr'>p.</span> <span class='ocrx_word' id='word_1_240' title='bbox 833 2785 873 2832; x_wconf 85' lang='grc'>19,</span> 
     </span>
    </p>
   </div>
   <div class='ocr_carea' id='block_1_4' title="bbox 0 0 962 3216">
    <p class='ocr_par' dir='ltr' id='par_1_7' title="bbox 0 0 962 3216">
     <span class='ocr_line' id='line_1_34' title="bbox 0 0 962 3216; baseline 0 0"><span class='ocrx_word' id='word_1_241' title='bbox 0 0 962 3216; x_wconf 95' lang='lat' dir='ltr'> </span> 
     </span>
    </p>
   </div>
  </div>
 </body>
</html>
