1896 3220
338 171 402 224 ΠΒ.
414 174 435 222 l.
451 172 528 224 CAP·
542 174 562 224 1.
826 177 846 228 8

56 316 205 393 praeceptis
220 314 409 390 institutisque
429 313 629 393 philosophie,
642 325 755 394 propter
769 333 845 376 sunu·

56 413 131 454 mam
145 405 175 452 et
195 393 317 454 doctoris
338 395 538 462 auctoritatem,
560 404 589 454 et
608 394 703 462 urbie;
724 412 844 468 quorum

53 474 124 532 alter
150 483 179 530 te
200 473 318 530 scientia
338 491 439 550 augere
460 483 561 548 potest,
580 473 664 534 altera
683 473 842 550 exemplis:

46 564 160 616 tamen.
176 561 208 608 ut
227 551 288 626 ipse
310 551 345 608 ad
366 571 458 610 meam
478 552 624 612 utilitatem
645 570 758 628 semper
778 569 844 610 cum

58 630 169 688 Graecis
185 629 284 687 Latina
303 631 449 707 conjunxi,
470 649 561 702 neque
577 631 606 688 id
621 631 650 688 in
664 630 845 706 philosophie

54 710 160 775 solnm,
176 708 324 766 sedetiam
339 709 368 766 in
383 707 495 766 dicendi
510 711 708 768 exercitatione
723 708 795 776 seci;
814 705 843 766 id

55 788 105 846 tibi
121 802 225 846 censeo
239 787 409 856 faciundum,
422 801 453 846 ut
463 807 513 865 par
527 789 568 848 sie
582 788 611 846 in
626 789 769 860 utriusque
784 805 844 846 ota·

54 867 159 923 tionis*
173 865 312 923 facultate.
361 865 454 931 Quam
475 865 588 938 quidem
604 865 720 933 adrem,
736 883 799 932 nos,
814 874 845 923 ut

54 944 194 1011 videmur,
209 961 342 1019 magnum
357 945 499 1001 attulimus
514 944 705 1020 adjumentum
722 941 844 1000 homini·

53 1023 106 1082 bns*
135 1021 249 1088 nostris,
275 1031 385 1080 utnon
406 1021 491 1098 modo
512 1021 674 1094 Graecarum
701 1021 844 1080 literarum

53 1101 149 1167 mdes,
164 1099 215 1158 sed
230 1100 314 1159 etiam
334 1100 419 1168 docti,
441 1099 613 1172 aliquantum
630 1117 662 1156 se
682 1099 845 1158 arbitrentur

55 1179 173 1259 adeptos
188 1188 217 1237 et
229 1178 263 1236 ad
278 1178 438 1244 dicendum,
454 1177 529 1236 etad
540 1176 734 1254 judicandum.

92 1259 187 1326 Quam
203 1259 311 1316 obrem
330 1257 422 1316 disces
443 1265 473 1316 tu
493 1255 607 1332 quidem
622 1275 639 1312 a
652 1255 780 1334 principe
793 1253 845 1316 itu·

51 1337 99 1412 jus
125 1337 214 1404 aetatis
236 1336 483 1413 philosophorum,
512 1346 540 1394 et
562 1335 663 1402 disces,
689 1353 771 1410 qnam
795 1331 844 1392 diu

55 1415 231 1482 voles31am
254 1414 302 1472 diu
324 1424 416 1472 autem
439 1413 511 1472 velle
536 1412 666 1482 debebis,¹
685 1411 778 1488 quoad
805 1421 843 1480 te,
908 1435 912 1445 ·

36 1503 190 1570 *quantum
212 1493 354 1570 proficias,
377 1512 435 1552 non
457 1491 625 1568 poenitebitl
665 1491 723 1552 Sed
750 1501 845 1552 tamen
890 1541 894 1547 i

53 1584 150 1631 nostra
160 1573 268 1649 legens,
280 1591 338 1630 non
348 1571 467 1630 multum
477 1592 493 1631 a
502 1569 696 1648 Peripateticis
707 1568 845 1631 dissiden-

54 1652 101 1717 tia,
116 1653 251 1724 quoniam
266 1651 376 1724 utrique
389 1659 419 1707 et
432 1650 567 1708 Socratici
581 1661 610 1708 et
626 1647 765 1709 Platonici
780 1665 844 1706 esse

55 1731 186 1788 volumus
197 1734 223 1804 ;‡
243 1727 387 1807 (derebus
402 1729 473 1806 ipsis
488 1737 565 1786 utere
580 1739 627 1789 tuo
638 1727 758 1806 judicio,
772 1725 845 1784 nihil

85 1904 140 1951 The
160 1903 228 1963 pupil
241 1918 346 1963 appears
358 1912 383 1950 to
395 1895 458 1950 h'eve
469 1902 534 1948 lived
550 1916 582 1947 on
598 1899 755 1947 confidentiul
770 1906 844 1944 terme

57 1968 112 2014 with
127 1968 165 2014 irie
177 1969 376 2026 instructae-ln
389 1982 405 2013 ι
415 1968 487 2014 letter
496 1965 575 2012 which
586 1965 630 2012 har
643 1965 703 2010 been
716 1962 845 2022 preserved

57 2032 117 2078 lrorn
129 2033 283 2088 meternes,
296 2033 326 2078 lte
339 2047 405 2092 seyr,
418 2030 537 2091 Cratippo
549 2043 588 2076 me
603 2028 663 2075 scito
675 2042 723 2074 non
736 2034 762 2074 ut
774 2025 844 2072 disci·

57 2097 150 2156 pulum,
162 2096 205 2142 sed
221 2104 249 2142 ut
260 2095 336 2142 filiunt
349 2110 402 2144 esse
414 2093 647 2156 conjonctiesmum:
665 2105 722 2138 nam
734 2106 789 2140 cum
801 2104 845 2140 utt-

57 2159 95 2206 dio
114 2161 182 2206 illum
195 2160 307 2219 libenter,
325 2167 377 2206 tum
395 2158 470 2206 etiarn
487 2157 539 2219 ejus
557 2157 681 2216 propriam
699 2157 844 2204 suavitatem

57 2225 213 2272 venementer
224 2223 374 2282 amplector:
393 2237 445 2269 sum
458 2230 522 2269 totos
537 2221 589 2268 dies
601 2219 844 2284 consumensque

56 2301 223 2348 sepenumero
235 2287 419 2346 pantenu-Ep.
429 2286 499 2332 Fam.
510 2285 574 2332 xvl.
585 2285 625 2332 at.
910 2293 911 2296 ’

85 2355 98 2380 ’
109 2350 236 2416 Utriusque
247 2348 368 2398 orationis.
385 2349 459 2410 Many
472 2350 638 2409 interpretem,
647 2347 743 2396 ancient
753 2361 780 2394 as
790 2345 844 2392 well

59 2429 83 2460 et
102 2416 215 2467 modern.
236 2413 311 2474 epply
331 2416 399 2462 tlrese
420 2415 499 2460 words
522 2420 546 2459 to
569 2413 610 2462 the
629 2420 677 2458 tvvo
699 2412 844 2474 langueges‚

59 2477 139 2526 Greek
151 2480 202 2524 and
215 2478 304 2535 Letin;
321 2479 413 2540 others,
424 2477 481 2522 vitlr
499 2479 577 2524 better
592 2490 689 2536 reason,
700 2483 725 2522 to
740 2473 843 2522 Philote-

56 2543 112 2602 plia
122 2547 144 2591 el
156 2541 253 2590 dicendi
264 2541 408 2590 exercitatio.
441 2541 493 2588 'flue
504 2549 563 2587 nest
575 2548 690 2588 sentence
702 2550 807 2598 appears
818 2542 844 2580 to

60 2609 128 2654 make
145 2607 195 2653 thie
214 2606 433 2652 evident-Cicero
453 2606 521 2652 there
541 2605 630 2663 speaks
642 2605 671 2649 of
683 2603 724 2648 the
742 2597 843 2646 benefits

60 2671 135 2717 vltieh
149 2670 187 2716 lris
198 2680 361 2729 countrymen
374 2671 422 2716 hed
434 2669 531 2716 derived
543 2669 607 2714 from
619 2667 656 2712 his
667 2664 800 2715 exertione,
816 2671 843 2703 es

60 2735 109 2780 vell
121 2734 154 2782 ud
165 2733 293 2781 dicendum
305 2748 332 2780 as
344 2732 552 2797 adjudicandum.
812 2781 818 2793 ‚

87 2801 98 2852 l
113 2796 398 2858 mamam-paenitebit.
414 2797 448 2844 ns
458 2796 517 2859 long
527 2810 554 2842 nr
564 2807 612 2856 you
620 2806 661 2840 ure
671 2781 774 2850 satisfiet!
785 2783 843 2838 unt

57 2875 182 2921 prerown
193 2861 369 2924 improvement.
725 2911 730 2922 ,

88 2927 99 2983 t
119 2926 243 2976 Volumus.
269 2925 403 2986 Cratippus
422 2937 473 2970 vves
493 2921 523 2968 os
539 2921 580 2966 tlre
600 2916 748 2974 Peripatetrc
769 2907 793 2954 St·
