1896 3220
103 169 140 223 50
389 165 437 212 DE
455 162 608 212 OFFICIIS.

98 307 246 396 jungitque
261 305 377 363 naturali
391 304 509 378 quedam
525 304 667 362 societate.
709 303 812 374 Neque
827 303 886 362 ulla
939 283 940 288 ἵ

101 406 131 445 re
150 385 260 460 longius
281 385 413 441 absumus
428 404 444 440 a
458 394 553 442 natura
572 383 733 472 serarump'
725 401 755 439 111
769 383 885 475 quibus,

102 467 195 522 inesse
210 462 398 520 fortitudinem
418 481 493 538 soepe
508 462 638 529 dicimus,
653 461 726 518 utin
739 462 833 533 equis,
855 464 886 521 iu

101 542 247 614 leonibus3
265 539 412 616 justitiam,
428 541 595 612 aequitatem,
611 541 760 597 bonitatem
772 559 830 597 nou
844 541 885 598 di·

102 623 202 678 cimus.
244 619 316 676 Sunt
329 620 403 676 enim
419 620 532 676 rationis
547 628 575 674 et
588 619 720 675 orationis
741 629 884 694 expertes.

141 698 183 754 Ac
203 698 338 756 latissime
359 697 472 769 quidem
500 707 597 773 patens
625 697 787 755 hominibus
813 697 886 755 inter

102 777 191 853 ipsos,
206 777 335 834 omnibus
350 776 421 833 inter
440 794 549 842 omnes,
564 775 683 833 societas
698 775 759 831 haec
773 785 833 843 est;
855 775 885 834 iu

102 875 158 928 qua
171 855 299 914 omnium
313 873 413 922 rerum,
426 873 495 927 quas
505 853 539 910 ad
548 872 726 911 communem
735 853 885 912 hominum

102 953 186 996 usum
206 945 303 990 natura
330 933 433 1010 genuit,
465 942 509 989 est
534 931 669 990 servanda
688 932 885 990 communitae.
939 963 940 987 r

103 1013 152 1080 Ut,
168 1031 229 1086 quae
243 1011 382 1088 descripta
394 1023 460 1069 sunt
472 1011 580 1101 legibus
601 1019 629 1066 et
644 1011 708 1086 jure
722 1011 809 1076 civili,
825 1011 886 1068 haec

102 1092 141 1148 ita
154 1101 307 1159 teneantur,
322 1103 353 1148 ut
373 1091 410 1148 sit
429 1091 627 1154 constitutum
649 1106 664 1144 e
686 1089 809 1160 quibus
801 1090 885 1165 1psis‚

103 1181 195 1228 cetera
215 1171 258 1228 eic
278 1171 487 1258 observentun*
508 1168 578 1226 utin
594 1167 758 1224 Graecorum
772 1186 886 1244 prover·

103 1248 164 1310 bioi
177 1260 229 1314 est,
246 1247 400 1304 amicorum
414 1264 477 1302 esse
488 1245 652 1302 communia
672 1245 775 1306 omnia.
817 1245 887 1304 Om-

103 1327 151 1383 nia
164 1338 257 1384 autem
270 1323 431 1380 communia
450 1325 597 1382 hominum
617 1323 745 1415 videntur
758 1341 800 1391 ea,
823 1343 887 1398 que

135 1560 147 1586 *⁵
163 1559 199 1618 Ut,
211 1553 450 1622 que-observentur.
483 1559 535 1605 The
552 1559 758 1606 constructiones
771 1559 821 1607 this
833 1576 888 1608 een·
939 1559 940 1566 ³

105 1631 174 1670 tence
187 1625 206 1670 ie
218 1626 328 1670 obscure.
360 1622 412 1668 The
426 1623 577 1682 Heusingere
589 1625 650 1669 have
663 1624 806 1670 introduced
820 1641 835 1672 a
847 1639 888 1672 ce·

104 1689 144 1734 lon
157 1688 219 1734 aster
231 1686 316 1751 quibus
326 1685 391 1748 ipsis,
404 1701 430 1734 us
443 1687 562 1746 referring
574 1688 641 1733 these
658 1689 737 1734 words
750 1696 774 1734 to
787 1689 887 1751 iegibus.

104 1751 150 1798 But
169 1752 264 1814 ciosiug
281 1753 322 1797 the
340 1759 453 1798 sentence
470 1751 493 1796 in
506 1751 553 1797 thie
574 1753 644 1796 mode
664 1753 720 1797 with
740 1767 755 1798 a
775 1754 887 1814 relative,

103 1824 195 1862 cannot
214 1818 243 1863 be
257 1815 370 1890 justified
391 1831 422 1861 ou
446 1831 495 1876 any
517 1815 686 1875 grammaticen
710 1818 887 1864 construction.
939 1857 940 1876 1

103 1879 192 1940 Bishop
205 1881 296 1928 Peerce
308 1871 387 1940 ieads,
400 1884 425 1927 ut
437 1884 469 1928 est
484 1877 630 1928 courtihdem
641 1877 749 1926 ciuibus
740 1878 804 1942 ipris.
818 1881 886 1928 Heu·
939 1893 940 1934 ζ

104 1960 175 2004 men;
193 1950 219 1993 ut
238 1945 267 1992 rit
287 1943 437 1992 constitutum
459 1943 578 2005 legihur'
568 1941 630 2005 ipris.
663 1943 749 1988 Either
768 1945 798 1990 os
816 1946 886 1992 these
939 1957 940 2000 t

104 1979 272 2056 ameridments
291 2008 370 2054 would
393 2009 480 2054 render
504 2009 544 2052 the
560 2021 663 2067 passage
683 2021 750 2053 more
770 2009 848 2068 clear,
866 2010 889 2056 is

103 2074 173 2119 there
193 2087 255 2119 were
269 2070 387 2118 sufficient
404 2069 527 2130 authority
548 2073 586 2117 sor
606 2071 632 2128 it,
651 2073 693 2116 but
711 2071 760 2116 still
777 2088 794 2118 a
809 2074 887 2120 doubt
939 2095 940 2130 3

104 2136 183 2182 would
196 2136 287 2181 remain
300 2143 325 2180 to
338 2135 403 2181 what
414 2139 489 2181 cetere
500 2137 583 2182 refers.
615 2135 667 2180 'l'he
680 2135 796 2196 meaning
806 2138 837 2182 of
845 2139 887 2184 the

104 2208 219 2245 sentence
231 2212 334 2258 appears
344 2204 368 2243 to
377 2198 477 2258 be-By
489 2204 573 2246 recture
582 2199 616 2246 cil
624 2198 704 2260 things
711 2212 750 2244 cre
759 2213 888 2248 commen:

104 2262 167 2309 those
178 2261 253 2309 which
264 2263 321 2310 haee
340 2261 397 2308 been
415 2262 582 2324 appropriated
598 2263 627 2323 hy
643 2263 681 2309 the
692 2261 826 2326 municipe!
838 2265 888 2314 lew

104 2331 165 2373 murt
177 2325 203 2372 be
211 2325 329 2386 gevemer!
340 2325 369 2386 by
379 2324 410 2372 its
419 2325 499 2382 ruier,·
516 2327 556 2374 but
568 2341 625 2374 cren
635 2327 662 2372 in
674 2339 717 2374 our
725 2341 765 2374 use
777 2327 809 2390 cf
814 2329 889 2390 there

104 2387 248 2451 ourfriemh
257 2389 342 2438 should
353 2388 378 2436 he
391 2360 505 2436 admitted
516 2395 537 2437 to
547 2389 696 2453 participate.
725 2389 798 2437 Some
811 2393 889 2441 MSS

104 2452 167 2498 bave
178 2454 313 2501 terrentur:
330 2454 411 2498 ethere
423 2454 482 2498 enrit
492 2455 534 2499 the
542 2455 688 2513 concluding
700 2454 787 2500 emnia
822 2456 890 2505 Fec-

104 2515 186 2563 cioiati
199 2531 315 2576 proposes
334 2518 374 2564 the
391 2517 505 2562 omission
518 2519 546 2562 os
559 2532 570 2564 e
583 2517 688 2580 quihus
678 2517 741 2580 apsis
775 2518 843 2564 But
836 2531 856 2568 rt
870 2522 891 2568 is

104 2588 130 2627 to
142 2581 172 2626 be
184 2581 268 2627 secred
279 2582 333 2628 that
344 2595 411 2627 more
422 2581 481 2626 than
497 2597 544 2628 one
556 2595 623 2629 error
635 2582 709 2628 existe
723 2581 746 2627 in
760 2583 801 2629 the
820 2595 893 2632 tran·
939 2590 940 2608 ¹

105 2653 293 2760 stprprrpperbio
310 2707 445 2754 Preserved
457 2709 486 2767 by
500 2707 622 2756 Aristode.
634 2709 698 2754 lib.'
684 2723 710 2754 ιι.
722 2708 818 2756 Politic.
829 2727 854 2759 c.
867 2715 891 2762 3.

107 2771 141 2816 Δι’
158 2769 236 2836 tigrem
258 2769 311 2818 δ”
303 2787 374 2818 ereas
397 2768 452 2837 regie
474 2774 503 2821 ei
524 2771 638 2836 χρῆσθαι,
657 2777 724 2822 esea
745 2772 785 2822 cir
806 2791 893 2842 verper-

106 2831 167 2894 μίαν
179 2841 243 2886 eorm
250 2840 282 2885 τὰ
291 2855 324 2885 τω
309 2833 419 2899 deiecere
