1888 3222
78 203 137 260 214
362 197 410 250 ΒΕ
427 193 578 248 orneris.

80 341 247 420 explicavit:
273 341 308 398 de
330 342 412 401 tertio
433 351 525 400 autem
547 357 649 416 genere
671 337 811 416 deinceps
828 353 860 396 se
930 335 931 356 ¹

80 421 192 496 scripsit
201 420 348 486 dicturum,
360 438 413 477 nec
426 419 455 477 id
468 419 588 477 exsolvit
598 415 674 491 quod
684 420 860 494 promiserat.

119 499 202 564 Quod
215 516 249 555 eo
262 498 351 574 magis
366 499 461 564 miror,
473 498 539 569 quia
549 497 683 572 scriptum
695 515 711 552 a
722 495 860 572 discipulo

79 577 140 652 ejus
165 575 320 634 Posidonio
343 585 396 642 est,
421 577 532 651 triginta
555 575 653 632 aunis*
676 573 786 631 vixisse
811 575 861 631 Pa·
886 575 888 580 ’

79 653 192 710 uectium
206 664 305 730 postea
318 671 401 727 quem
415 671 464 710 eos
477 651 563 710 libros
584 651 728 709 edidisset.
769 651 861 717 Quem

78 729 172 789 locum
193 733 279 790 miror
298 752 314 790 a
333 731 624 798 Posidonio.breviter
636 747 699 786 esse
713 739 820 786 tactum
833 729 861 784 iu

79 808 245 880 quibusdem
259 811 465 869 commentariis
476 828 485 876 3
505 808 659 884 presertim
672 825 738 864 cum
749 807 861 872 scribet,

78 886 186 944 nullum
211 906 275 946 esre
297 889 389 946 locum
408 887 439 945 in
461 895 517 944 tote
538 885 719 963 philosophia
737 895 796 942 tem
817 901 864 942 ne·

80 965 243 1026 cessarium.

119 1043 241 1102 Minime
264 1062 333 1102 vero
355 1041 492 1101 assentior
515 1042 561 1110 iis,
586 1042 636 1115 qui
658 1050 771 1118 negant,
798 1057 863 1098 eum

79 1118 174 1178 locum
200 1141 218 1179 e
243 1122 369 1180 Panaetio
396 1121 623 1197 praetermissum,
651 1119 700 1176 sed
735 1117 864 1176 consulto

80 1198 217 1268 relictum,
246 1219 299 1258 nec
325 1200 440 1262 omnino
467 1197 643 1255 scribendum
671 1197 769 1264 fuisse,
800 1196 865 1269 quie
933 1265 934 1274 χ

79 1293 233 1349 numquam
254 1287 349 1353 posset
367 1277 470 1334 utilitas
491 1293 556 1334 cum
570 1274 714 1332 honestate
728 1293 865 1350 pugnare.
933 1299 934 1310 ¹

80 1351 126 1410 De
148 1372 204 1425 quo
229 1355 344 1410 alterurn
356 1351 458 1429 'potest
473 1353 578 1428 ¹habere
592 1352 806 1420 dubitationem,
821 1351 866 1409 ad·

79 1429 270 1488 hibendumnc
291 1431 373 1487 fuerit
391 1429 446 1487 hoc
466 1448 566 1506 genus,
581 1430 657 1503 quod
675 1431 706 1488 in
724 1429 866 1488 divisione

80 1505 199 1565 Panaetu
210 1509 320 1566 tertium
331 1517 384 1575 est,
393 1525 428 1564 sn
439 1508 521 1583 plane
532 1508 716 1566 omittendum
727 1529 734 1565 ι
748 1508 866 1568 alterum

80 1581 198 1641 dubitari
211 1603 268 1642 non
281 1594 383 1662 potest,
395 1585 464 1658 quin
474 1605 490 1642 a
500 1587 627 1645 Pauaetio
641 1597 805 1663 susceptum
819 1586 865 1652 sit,
934 1643 935 1662 p

80 1660 132 1720 sod
144 1661 281 1720 relictum.
322 1663 399 1722 Nam
409 1664 458 1736 qui
472 1683 488 1722 e
502 1664 640 1722 divisione
651 1665 786 1741 tripartita
796 1665 867 1722 duas
934 1673 935 1732 g

79 1748 172 1815 partes
185 1741 345 1811 absolverit,
359 1742 426 1800 huic
439 1761 555 1800 necesse
569 1753 612 1800 est
625 1753 728 1801 restare
742 1745 866 1804 tertiam.

80 1817 219 1880 Praetereo
241 1820 273 1879 in
296 1830 421 1880 extremo
444 1821 516 1880 libro
540 1822 621 1878 tertio
645 1822 680 1878 de
707 1822 760 1880 hcc
787 1831 867 1898 parte

80 1896 228 1974 pollicetur
241 1918 273 1958 ss
286 1898 419 1976 deinceps
433 1916 497 1956 esse
511 1897 658 1956 dicturum.

119 1976 236 2038 Accedit
248 1977 348 2036 eodem
363 1976 441 2036 testis
455 1975 591 2052 locuples,
612 1976 796 2042 Posidonius,
819 1977 868 2049 qui

80 2053 165 2112 etiarn
195 2056 291 2114 scribit
316 2057 346 2134 in
370 2053 489 2128 quedam
513 2054 641 2130 epistola,
666 2056 701 2113 P.
728 2055 868 2113 Rutilium

81 2129 201 2193 Rufirml
214 2132 306 2189 dicere
327 2132 427 2201 solere,
447 2133 494 2205 qui
515 2132 670 2190 Panaetiunt
688 2133 823 2198 audierat,
838 2143 871 2190 ut

81 2224 165 2265 nemo
184 2209 274 2286 pictor
295 2219 371 2268 essct
392 2211 533 2279 inventus,
548 2211 596 2287 qui
611 2207 715 2288 [Coss]
730 2211 870 2284 Venerisss

113 2398 128 2428 ¹
145 2394 233 2456 Annio,
244 2397 274 2446 ul
284 2413 373 2448 annox
393 2399 423 2448 of
437 2400 498 2455 eecli
512 2401 542 2450 of
556 2400 624 2450 these
640 2398 819 2450 constructione
837 2417 870 2450 err

81 2459 223 2509 instcuce'is
234 2462 315 2521 found,
326 2464 352 2512 ii.
360 2464 399 2523 22,
410 2464 457 2512 und
468 2464 508 2513 23.

112 2524 263 2579 iRotilium
274 2525 376 2590 Rufum.
406 2527 460 2576 Lib.
471 2529 496 2576 ii.
507 2529 545 2577 1³.

112 2590 124 2642 i
145 2589 251 2640 Veneris.
282 2591 320 2638 0f
336 2593 385 2641 dris
407 2592 545 2640 uufinishcd
566 2592 666 2654 picture,
682 2591 756 2657 Pliny
772 2593 870 2656 speaks,

80 2669 150 2702 xxxv.
170 2655 208 2703 10.
240 2655 359 2716 “Apelles
383 2655 457 2705 etiem
484 2656 639 2706 inchoaverat
661 2658 781 2707 Venerem
802 2658 870 2717 Cois,
934 2661 935 2676 ¹

80 2715 237 2778 superaturus
248 2719 322 2767 etium
333 2735 402 2768 suem
411 2719 478 2768 illurn
487 2721 598 2782 priorem.
631 2720 722 2770 Invidit
730 2737 787 2770 vero
795 2738 870 2780 mors,

80 2788 180 2892 peropto
187 2788 261 2844 porte,
270 2798 315 2831 nec
326 2784 368 2871 qpi
379 2785 518 2834 smoederet
528 2786 594 2848 operi
605 2781 637 2835 'ed
645 2785 787 2851 proscripto
794 2786 869 2836 lium·

80 2854 137 2890 rnen
173 2854 284 2896 rnrentus
295 2849 346 2896 est:
