1882 3216
118 203 173 274 122
393 198 442 248 na
460 197 613 256 orrrqns.

931 195 933 278 l

115 328 329 419 loquaturssed
353 342 438 400 etiarn
457 340 526 414 quid
545 341 666 414 quisque
686 337 798 405 sentiat,
820 347 901 412 atque

116 426 211 492 etiam,
234 441 288 495 qua
302 421 337 480 de
350 439 451 480 caussa
471 422 591 492 quisque
614 419 725 476 sentiat.
767 417 809 476 Ut
828 420 903 492 enirn

117 505 248 580 pictores,
265 502 336 568 etii,
352 502 399 576 qui
411 501 492 577 signa
505 500 681 566 fabricantur,
697 507 726 555 et
739 514 807 555 vero
823 498 904 555 etiam

116 583 219 658 po'etae,
242 599 324 638 suum
350 581 469 651 quisque
494 597 566 655 opus
592 598 609 635 a
629 577 714 653 vulgo
736 575 904 634 considerari

117 660 190 726 vult;
211 668 250 725 ut,
266 660 292 717 si
314 658 381 730 quid
400 658 602 734 reprehensum
625 657 662 713 sit
682 676 698 712 a
719 653 860 730 pharibus,
878 654 905 712 id

116 738 283 814 corrigatur:
306 737 391 809 hique
405 749 433 794 ct
446 753 553 803 secum,
569 745 597 793 et
617 753 681 792 cum
698 734 772 801 aliis,
787 733 858 805 quid
878 735 905 791 in
932 789 933 806 ,

117 835 151 874 eo
173 826 318 892 peceatum
342 817 388 883 sit,
406 817 574 886 exquirunt:
596 815 638 871 sic
660 813 779 870 aliorum
799 813 906 888 judicio

117 897 256 972 permulta
279 895 360 953 nobis
384 904 411 952 et
433 892 569 960 iacienda,
592 901 621 950 et
642 910 700 950 non
721 889 862 960 facienda,
882 899 907 948 et

117 975 259 1042 mutanda,
273 985 302 1031 et
315 971 479 1050 corrigenda
492 980 566 1028 sunt.
622 1032 625 1038 ἱ

157 1054 228 1121 Quae
241 1073 308 1112 vero
329 1071 419 1126 more,
428 1061 544 1127 agentur
559 1046 751 1118 institutisque
766 1046 907 1114 civilibus,

118 1133 154 1192 de
179 1135 215 1194 iis
239 1133 311 1193 nihil
336 1141 379 1190 est
403 1128 632 1206 precipiendum.
672 1124 724 1183 Illa
748 1127 828 1184 enim
850 1128 909 1202 ipsa

119 1223 258 1288 praecepta
271 1221 345 1269 sunt.
387 1207 450 1266 Nec
471 1225 592 1280 quemqu
660 1205 716 1262 hoc
737 1223 832 1262 errore
847 1203 909 1264 duci

118 1303 236 1365 oportet,
247 1299 285 1353 ut,
296 1289 320 1344 si
333 1287 399 1358 quid
411 1288 550 1352 Socrates,
561 1305 594 1344 au
616 1284 797 1360 Aristippus*
808 1293 903 1342 contra

119 1386 226 1424 morem
254 1364 541 1435 consuetudinemque
568 1364 680 1422 civilem
707 1361 837 1429 iecerint,
865 1363 904 1420 lo·

51 1479 52 1482 =
119 1445 210 1502 cutive
230 1444 296 1509 sint,
311 1442 386 1498 idem
408 1443 463 1500 sibi
485 1442 631 1501 arbitretur
650 1441 745 1499 licere.
788 1441 903 1517 Magnis

119 1523 159 1579 illi
174 1533 202 1579 et
215 1521 317 1580 divinis
331 1521 413 1578 bonis
428 1521 500 1578 hanc
515 1521 655 1579 licentiam
675 1521 905 1592 assequebantur.

120 1600 296 1676 Cynicorum
324 1618 390 1657 vero
415 1600 485 1658 ratio
513 1610 571 1658 tota
595 1611 639 1657 est
665 1598 814 1675 ejicienda.
855 1599 908 1656 Est

119 1681 195 1736 enim
218 1679 333 1738 inimica
354 1677 538 1746 verecundia,
553 1679 616 1736 sine
638 1695 694 1750 qua
714 1675 788 1734 nihil
801 1687 908 1736 rectum

119 1777 183 1816 esse
199 1767 300 1836 potest,
314 1757 385 1816 nihil
399 1759 559 1816 honestum.
634 1781 636 1785 ⁴

160 1839 226 1896 Eos·
246 1849 349 1906 autem,
373 1855 491 1910 quorum
516 1837 573 1893 vita
597 1842 744 1911 perspecta
766 1833 800 1891 in
826 1835 910 1892 rebus

120 1915 245 1976 honestis
271 1929 353 1990 atque
378 1917 487 1992 magnis
512 1922 565 1980 est,
586 1915 658 1971 bene
683 1912 717 1969 de
742 1931 771 1970 re
795 1915 933 1989 publica*

120 1998 282 2063 sentientes,
297 2015 329 2052 ac
349 1997 420 2052 bene
441 1994 566 2060 meritos,
581 2001 628 2048 aut
646 2000 797 2059 merentes,
813 1992 868 2061 sic,
882 1999 912 2048 ut

152 2170 167 2200 ⁸
184 2168 236 2217 Aut
256 2166 405 2231 Aristippus.
437 2167 474 2216 As
497 2166 538 2216 the
560 2165 617 2215 verb
638 2162 763 2229 following
783 2163 807 2212 is
826 2161 914 2227 plural,

120 2231 211 2295 Bishop
227 2233 316 2280 Pearee
328 2233 444 2295 proposed
455 2239 479 2280 tu
491 2234 585 2298 change
596 2231 637 2280 the
648 2229 807 2294 conjunctiora
818 2229 873 2279 into
884 2237 915 2287 et,
932 2271 933 2276 ,

120 2299 164 2345 but
179 2297 199 2344 it
214 2297 271 2344 does
287 2304 329 2344 not
344 2313 432 2359 appear
448 2297 502 2346 that
516 2299 547 2346 he
561 2297 611 2347 had
626 2295 667 2344 the
684 2295 810 2359 authority
821 2295 852 2344 of
865 2311 913 2359 any
932 2307 933 2360 q

121 2361 175 2410 MS.
207 2361 279 2410 Some
289 2362 409 2410 instances
421 2378 509 2424 appear
519 2361 548 2410 of
553 2367 602 2409 two
612 2377 691 2409 nouns
702 2360 728 2408 in
739 2359 781 2408 the
792 2359 915 2426 singular,
932 2363 933 2438 l

118 2426 202 2490 joined
223 2428 256 2490 by
275 2433 325 2484 aut,
345 2425 480 2491 governing
500 2445 515 2476 a
534 2426 611 2489 plural
630 2426 695 2474 verb.
728 2424 766 2473 De
784 2425 829 2474 Or.
847 2426 874 2474 ii.
892 2425 933 2473 4,ι

121 2497 135 2520 “
142 2491 176 2540 Ut
186 2507 217 2539 ne
228 2491 350 2554 Sulpicius
361 2491 488 2540 familiaris
499 2509 575 2550 meus,
585 2497 626 2539 aut
634 2491 706 2539 Cotta
715 2491 770 2552 plus
781 2502 859 2553 quam
868 2507 914 2556 ego
932 2487 933 2558 l

120 2557 184 2619 apud
192 2563 216 2604 te
225 2557 303 2606 valere
314 2556 463 2605 videantur.”
497 2557 527 2605 In
538 2573 605 2604 some
617 2555 688 2604 MSS.
700 2555 786 2604 indeed
798 2555 914 2605 videatur
932 2567 933 2634 p

121 2621 142 2668 is
154 2621 235 2669 found.
268 2621 494 2682 SulpiciusadCic.
506 2622 527 2669 1.
538 2621 569 2669 iv.
581 2619 626 2683 Ep.
638 2622 661 2669 5.
693 2619 782 2677 “Quid
798 2621 913 2697 estquod
932 2641 933 2684 y

120 2691 148 2732 tu
170 2691 212 2732 aut
233 2684 276 2734 illa
297 2701 354 2732 enm
376 2683 478 2744 fortuna,
498 2686 544 2733 hoc
563 2685 668 2744 nomine,
687 2685 756 2748 queri
778 2685 866 2748 possim
886 2687 914 2732 2⁹¹
932 2685 933 2732 l

119 2748 259 2810 Aristippus
270 2747 319 2796 had
329 2750 390 2796 been
401 2765 416 2797 a
426 2750 526 2812 disciple
537 2749 566 2797 of
572 2749 693 2808 Socratest
703 2749 735 2798 he
742 2767 792 2800 was
804 2767 821 2800 a
831 2752 916 2800 native

121 2811 150 2858 of
160 2813 264 2874 Cyrene,
275 2813 323 2860 and
340 2813 444 2862 founded
459 2814 501 2863 the
517 2819 569 2862 rect
583 2815 672 2862 named
687 2815 729 2864 the
746 2815 878 2880 Cyrenaic,
890 2823 917 2866 to
932 2851 933 2886 y

121 2873 204 2922 which
216 2892 266 2924 was
278 2876 389 2938 imputed
399 2895 414 2928 a
424 2884 510 2944 strong
522 2876 590 2957 tinge
601 2876 631 2926 of
638 2877 834 2942 Epicureaniem.
932 2887 933 2890 ’

932 2989 933 3030 l
