1888 3222
84 219 140 276 176
365 215 411 262 nu
427 214 579 264 osricus.
605 171 608 184 ¹

82 357 185 415 fruetus
208 357 387 422 liberalitatis,
408 357 489 432 cujus
509 375 598 432 pauca
617 357 748 432 exempla
770 357 865 432 posui,

83 435 170 493 multo
184 447 212 491 et
226 434 314 508 major
332 433 449 500 videtur,
463 446 492 491 et
504 437 612 492 certior.
654 436 768 500 Quanto
789 436 866 491 Aris·

81 514 197 571 toteles*
211 512 320 588 gravius
335 523 363 568 et
375 513 468 569 verius
483 532 534 570 nos
548 513 735 588 reprehendit,
750 513 801 584 qui
816 513 865 569 has

82 590 261 666 pecuniarum
282 588 435 647 effusiones
449 610 505 648 non
520 590 696 656 admiremur,
712 609 776 660 quae
797 591 866 647 liunt

83 667 117 724 ad
130 665 336 725 multitudinem
356 667 560 724 deliniendam:
583 678 611 724 at
624 669 654 735 ii,
670 668 717 739 qui
733 669 767 724 ab
784 669 863 724 hoste

80 745 252 812 obsidentur,
266 747 291 802 si
305 763 398 803 emere
418 765 496 816 aquae
517 746 669 802 sextarium
684 745 761 801 mina
784 763 864 822 coge·

81 833 185 890 rentur,
199 824 254 881 hoc
268 825 359 900 primo
375 822 501 901 [audini]
517 823 678 880 incredibile
691 824 774 880 nobis
791 825 865 880 ride·

80 901 115 966 ri,
127 920 281 974 omnesque
292 901 403 959 mirari:
419 901 478 967 sed,
491 920 554 959 cum
567 901 740 966 attenderint,
752 903 865 958 veniam

82 981 241 1038 necessitati
254 980 336 1037 dare:
358 979 387 1036 in
401 980 446 1036 his
466 980 634 1037 immanibus
658 979 787 1054 jacturis,
804 981 866 1037 infi-

81 1058 204 1130 nitisque
218 1060 366 1124 sumtibus,
381 1057 452 1114 nihil
465 1077 517 1115 nos
532 1075 633 1132 magno
647 1075 732 1132 opere
748 1059 845 1114 mirari
857 1077 865 1124 ς

81 1153 146 1193 curn
161 1137 313 1211 praesertim
329 1154 418 1207 neque
433 1136 589 1192 necessitati
607 1135 797 1202 subveniatur,
813 1154 865 1192 nec

79 1211 200 1289 dignitas
220 1224 364 1288 augeatur;
385 1214 501 1287 ipsaque
516 1214 562 1270 ille
575 1212 720 1269 delectatio
741 1214 866 1270 multitu-

79 1289 155 1347 dinis
175 1293 212 1347 sit
223 1291 257 1346 ad
276 1293 359 1346 breve
383 1291 572 1365 exiguumque
596 1300 724 1364 ternpns;
747 1310 866 1361 eaquea

80 1367 225 1424 levissimo
249 1384 378 1438 quoque:
402 1368 430 1422 in
451 1387 507 1438 quo
528 1377 619 1425 tamen
640 1369 703 1443 ipso
726 1387 864 1426 unacum

74 1444 214 1514 satietate,
241 1444 375 1499 memoria
402 1462 513 1515 quoque
541 1447 673 1502 moriatur
701 1447 863 1520 voluptatis.

927 480 933 734 l

80 1521 158 1577 Bene
172 1522 253 1576 etiarn
268 1519 383 1594 colligit,
399 1520 459 1577 haec
470 1525 574 1596 pueris,
590 1536 618 1579 et
630 1523 815 1590 mulierculis,
838 1537 865 1583 et
932 1551 933 1554 ¹

75 1598 178 1664 servis,
193 1608 221 1653 et
240 1614 384 1654 servorum
404 1601 556 1658 simillimis
570 1601 674 1666 liberis,
689 1619 753 1657 esse
768 1614 861 1677 grele:

76 1674 155 1750 gravi
169 1694 234 1733 vero
249 1674 367 1742 homini,
382 1688 410 1734 et
423 1697 465 1746 ea,
480 1697 542 1750 quae
556 1679 636 1745 fiunt,
655 1679 765 1754 judicio
786 1690 862 1738 certo

77 1752 252 1829 ponderanti,
267 1753 377 1830 probari
392 1775 475 1830 posse
491 1757 566 1814 nullo
582 1757 675 1813 modo.

118 1830 295 1905 Quamquam
317 1834 451 1910 intelligo,
466 1837 604 1891 innostra
624 1834 733 1890 civitate
757 1835 862 1892 iuveto·

75 1929 164 1978 rasse,
179 1911 275 1987 etjam
289 1914 370 1970 bonis
389 1914 571 1988 temporibus,
587 1921 617 1968 ut
629 1912 764 1987 splendor
777 1914 863 1970 aedili·
932 1911 933 1950 t

74 1989 178 2052 tatum†
191 1992 224 2047 ab
237 1985 353 2066 optimis
373 1991 440 2048 viris
461 1991 623 2067 postuletur.
662 1989 760 2066 Itaque
786 2002 815 2048 et
829 1991 861 2049 P.

107 2197 122 2228 ’ἓ
134 2195 281 2245 Aristotelea.
315 2199 345 2246 In
362 2201 403 2248 the
420 2215 551 2248 numerous
566 2199 678 2263 writings
698 2199 728 2248 of
745 2201 861 2251 Aristotlc

74 2257 156 2306 which
167 2259 227 2308 have
242 2262 302 2310 been
315 2267 448 2324 preserved,
458 2281 490 2312 no
501 2265 561 2312 such
573 2281 673 2328 passage
685 2264 729 2312 hes
740 2267 803 2314 been
815 2267 860 2315 dis

71 2323 180 2372 covered.
202 2323 315 2374 Muretus
324 2329 371 2375 end
379 2329 402 2376 J.
412 2329 447 2376 M.
455 2330 592 2392 Heusinger
600 2335 700 2392 suggest
708 2329 860 2388 thatAristo,

72 2403 100 2435 or
111 2387 195 2434 Aristo
205 2388 282 2436 Chius
292 2406 320 2437 or
331 2392 426 2440 Stoicus
435 2409 493 2456 moy
504 2394 533 2440 be
545 2393 586 2440 the
597 2400 650 2440 true
662 2395 770 2458 reading.
797 2396 859 2443 This

69 2451 140 2500 'Stoica
148 2450 307 2512 Philosopher
317 2455 361 2502 hes
373 2457 434 2503 been
445 2457 524 2504 before
535 2459 630 2514 named,
646 2458 662 2506 i.
673 2457 696 2504 2.

104 2515 293 2568 mellinum.
331 2520 430 2582 Among
452 2520 493 2567 the
515 2521 593 2568 duties
616 2521 645 2569 of
673 2522 740 2568 these
762 2523 858 2571 officere

71 2596 123 2628 was
134 2581 175 2629 the
186 2580 302 2628 directiou
310 2583 339 2629 of
349 2585 390 2632 the
399 2584 478 2644 public
490 2599 581 2646 gemes.
604 2585 634 2632 In
643 2601 739 2646 process
751 2588 781 2634 of
792 2589 859 2645 time,

67 2645 111 2690 the
122 2651 221 2692 custom
236 2660 288 2692 was
304 2645 443 2693 introduced
462 2647 492 2692 of
503 2647 630 2711 defraying
649 2650 690 2696 the
710 2667 815 2710 expense
835 2652 864 2699 ot*

70 2707 137 2753 these
149 2715 191 2755 out
201 2706 231 2755 of
241 2708 303 2755 their
315 2723 371 2756 own
379 2711 490 2769 pockels:
507 2717 532 2756 nt
539 2714 684 2772 subsequent
694 2714 819 2772 electione,
826 2731 859 2762 an

68 2768 169 2817 interest
180 2787 231 2818 was
242 2773 275 2834 by
286 2771 335 2818 this
341 2787 425 2819 means
432 2775 527 2820 created
533 2790 624 2838 among
631 2776 671 2824 the
678 2777 753 2824 lower
761 2778 857 2825 classes„

64 2829 131 2878 'I'his
150 2835 222 2881 abusc
241 2836 338 2883 became
350 2851 377 2882 so
388 2842 464 2898 great,
475 2837 527 2884 thot
538 2838 579 2884 the
590 2840 727 2903 populerity
744 2857 771 2888 or
783 2857 857 2904 unpo·
932 2847 933 2882 l

930 2975 933 3000 l

932 3107 933 3122 r
