1896 3220
160 153 166 184 l

335 201 399 251 mn.
413 203 433 250 1.
448 202 526 253 one.
539 205 574 254 x.
810 207 848 264 nn

78 367 85 422 3
107 341 260 402 Exsistunt
273 344 356 402 etiam
369 363 445 421 saepe
458 339 566 421 injuriae
580 345 719 404 calumnia
732 345 851 420 quodam

68 431 97 480 et
111 422 196 479 nimis
218 422 324 489 callida,
347 423 413 480 sed*
435 423 575 481 malitiosa
594 426 666 501 juris
691 425 852 502 interpreta-

70 501 156 558 tione.
192 501 240 556 Ex
254 519 309 572 qno
321 502 399 569 illud,
411 519 560 560 nummum
566 502 632 580 jun,
645 519 760 561 summo
772 502 850 580 inju-

71 577 142 642 rio‚†
156 578 258 635 saeuum
272 589 315 636 est
330 582 390 656 jam
411 581 504 637 tritum
518 599 647 638 sermone
661 583 848 657 proverbium.

70 657 136 721 Quo
151 657 179 712 in
194 675 295 732 genere
309 659 392 715 otiam
413 659 441 714 in
463 659 605 734 republica
628 660 714 716 multa
734 677 850 734 peccan-

69 743 129 790 tur:
151 745 181 790 ut
194 735 267 808 ille‚‡
281 737 339 806 qui,
354 755 418 793 oum
434 737 544 812 triginta
557 737 664 794 dierum
678 749 773 794 essent
785 753 850 794 oum

70 811 152 868 hoste
179 812 297 869 indoeiae
325 814 412 882 leole,
441 825 524 872 nootu
553 815 733 889 populabatur
746 832 848 890 egros,
930 850 933 860 ν

69 889 145 961 quod
159 889 266 947 dierum
278 904 372 949 essent
385 902 482 967 poete,
499 911 554 948 non
570 894 692 949 noo-tium
704 892 849 964 induoiae.§

70 967 117 1024 Ne
139 979 235 1025 noster
259 970 372 1041 quidem
394 969 563 1044 probandus,
585 970 610 1025 ei
633 989 730 1026 verum
749 979 801 1036 eet,
814 970 850 1035 Q,

70 1045 189 1103 Fabium
204 1045 387 1115 Labeonem,ll
403 1066 454 1103 seu
474 1065 559 1118 quem
579 1047 664 1103 alium
679 1046 761 1124 (nihil
775 1047 851 1103 enim

69 1135 170 1198 preter
183 1125 306 1181 anditum
332 1123 432 1202 liabeo)
447 1126 578 1182 arbitrum
600 1123 719 1181 Nolanis
733 1135 761 1180 et
777 1125 852 1181 Nea·

69 1203 202 1277 politanis
216 1203 250 1260 de
262 1204 364 1261 finibus
380 1224 395 1260 a
409 1215 506 1260 senatu
520 1201 624 1268 datum,
634 1219 699 1259 oum
710 1202 744 1259 ad
758 1202 851 1259 locum
931 1245 934 1262 .

72 1281 205 1347 venisset,
219 1299 285 1338 oum
298 1283 423 1353 utrisque
448 1281 597 1356 separatim
617 1281 750 1347 locutum,
765 1288 796 1337 ut
815 1297 851 1337 ne

70 1359 172 1434 cupide
185 1360 254 1430 quid
273 1371 395 1435 agerent,
417 1379 452 1417 ne
473 1368 650 1436 appetentem
672 1370 754 1431 atque
766 1369 798 1415 ut
810 1376 852 1414 re-

12 1499 14 1516 s
71 1437 159 1512 gredi,
175 1455 259 1508 quam
279 1437 409 1514 progredi
436 1439 558 1495 mallent.
599 1437 632 1495 Id
659 1455 723 1494 curn
742 1436 852 1508 utrique

12 1517 13 1542 ³
69 1513 212 1582 senuissent,
228 1517 398 1588 aliquantum
418 1517 477 1594 agri
497 1517 526 1574 in
546 1514 639 1574 medio
653 1515 779 1572 relictum
799 1521 851 1572 eet

215 1601 243 1638 fu
667 1619 670 1626 ,

71 1657 128 1702 with
141 1670 243 1716 persons
254 1659 413 1720 pronounced
426 1658 566 1717 prodignls;
584 1658 633 1702 and
644 1658 726 1718 hythe
738 1653 853 1718 Aquiliam

71 1721 126 1766 low.
161 1720 208 1766 See
221 1722 238 1767 l.
252 1737 320 1770 nnc.
334 1723 370 1768 14.
388 1722 425 1767 De
435 1721 491 1767 Nat.
503 1721 533 1768 D.
547 1735 585 1767 nr.
596 1722 634 1766 29.

104 1789 116 1812 '
132 1784 186 1830 Sed.
209 1785 268 1832 'liris
288 1786 388 1844 particle
408 1786 452 1830 has
472 1793 514 1830 not
537 1784 627 1842 always
650 1798 681 1828 an
701 1781 853 1828 adversative

71 1861 151 1903 sense,
162 1851 203 1896 but
216 1849 236 1895 is
247 1851 376 1908 employed
389 1863 415 1894 ar
428 1850 469 1892 the
480 1849 561 1892 Greek
579 1848 646 1903 dumi,
659 1847 682 1890 in
694 1847 735 1890 the
746 1859 816 1890 sense
827 1844 858 1890 ol'

70 1910 144 1959 immo
156 1926 225 1968 oer03
243 1913 378 1976 etquidem.
398 1913 475 1957 Plnut.
488 1911 556 1956 Cass.
569 1925 607 1958 ru.
619 1914 643 1968 5,
659 1911 696 1954 60.
714 1911 730 1936 “
740 1907 853 1968 Etiamne

13 1999 14 2014 i
72 1975 146 2022 hebet
159 1975 285 2035 gladium?
313 1977 450 2023 Hebeteed
469 1975 554 2020 duoe.”
583 1974 628 2031 Ep.
641 1973 679 2018 ad.
693 1972 741 2016 an.
753 1969 787 2015 ili.
800 1971 837 2016 15.

71 2041 88 2066 “
97 2041 148 2086 Hic
161 2041 217 2085 mihi
231 2041 335 2098 primum
350 2055 428 2084 meum
441 2038 567 2084 consilium
580 2037 665 2094 defurit,
683 2035 724 2080 sed
737 2033 810 2080 etiam
822 2034 854 2079 ob

72 2103 142 2150 tuilf*
161 2104 230 2151 Ouid.
244 2105 301 2150 Met.
314 2117 367 2150 xiv.
378 2104 434 2150 384.
467 2102 516 2147 For
527 2101 577 2161 ord,
588 2115 654 2147 some
667 2097 739 2146 MSS.
751 2096 813 2143 here
824 2101 854 2144 el.

102 2167 120 2232 †
133 2165 237 2230 injurio.
258 2168 390 2213 Heautoot.
403 2168 468 2212 rud.
479 2166 518 2212 48.

104 2231 182 2290 ssltte.
202 2231 276 2285 Feril;
290 2229 403 2291 peccarit,
413 2229 568 2275 understood.
601 2227 707 2275 Ernesti.

103 2295 119 2360 d
131 2293 245 2342 ,rurum
256 2295 358 2341 inducite
399 2293 458 2339 Tuis
469 2293 540 2338 lruud
550 2292 569 2338 ie
579 2293 685 2350 imputed
696 2294 725 2353 by
740 2289 854 2338 Plutarch

72 2361 167 2408 Lacon.
179 2359 300 2416 Apoplitlr.
313 2366 338 2402 to
350 2358 391 2403 the
403 2357 453 2402 tirst
463 2357 616 2414 Cleomenes,
628 2355 686 2414 iring
695 2355 827 2414 ofSparta.

103 2426 114 2481 1
130 2420 274 2471 Labeonem.
293 2420 385 2466 Consul
397 2421 453 2465 with
465 2420 500 2466 M.
510 2420 626 2465 Claudius
640 2419 778 2465 Marcellus.
789 2419 815 2463 Α.
826 2415 856 2463 U.

74 2489 101 2536 C.
113 2491 170 2535 507.
190 2486 243 2532 Vol.
257 2486 358 2532 Maxim.
370 2498 416 2530 vu.
430 2484 453 2529 3.
488 2483 507 2529 lt
523 2484 542 2528 io
562 2485 630 2529 there
650 2484 740 2541 added,
760 2482 855 2527 tlratou

73 2554 179 2599 another
189 2550 313 2606 occasion,
325 2549 388 2594 aster
396 2549 436 2592 the
446 2547 525 2592 deleat
535 2548 565 2592 ot*
574 2547 706 2592 Antiochus
718 2549 748 2603 by
758 2545 799 2589 tlte
811 2543 856 2586 no-

74 2631 154 2673 mena,
167 2613 252 2661 Labeo
264 2613 336 2658 made
348 2626 362 2656 a
373 2618 451 2669 treoty
461 2612 517 2655 with
527 2610 585 2668 him,
594 2623 640 2654 one
650 2610 734 2655 article
742 2608 771 2651 nt
779 2603 856 2648 which

74 2678 209 2739 stipulated
223 2678 261 2721 sor
272 2677 312 2722 the
324 2675 455 2720 surrender
466 2675 494 2718 ol
507 2673 563 2718 hall
576 2673 612 2718 hir
624 2673 688 2718 fleet.
721 2669 797 2714 When
809 2664 857 2710 thie

75 2750 180 2790 cameto
193 2743 223 2786 be
235 2739 384 2798 performed,
398 2738 479 2784 Labeo
491 2735 591 2781 insisted
602 2735 655 2781 that
666 2736 698 2791 by
709 2732 750 2776 the
762 2739 858 2772 ureren-

77 2809 119 2853 der
131 2807 162 2851 ot
170 2819 218 2851 one
228 2804 283 2849 hals
295 2802 410 2858 melleet,
423 2813 472 2845 was
484 2805 566 2844 meunt
577 2811 625 2842 one
636 2796 691 2840 hell
702 2793 732 2836 ot
744 2788 804 2836 euch
822 2786 858 2831 in·

76 2869 186 2916 dividual
198 2868 291 2925 veaeel5
309 2866 387 2912 which
400 2865 430 2910 he
447 2859 604 2920 accordingly
616 2851 752 2915 proceeded
767 2855 793 2896 to
809 2859 860 2894 ⁸⁸!

74 2935 190 2980 munder.
