1890 3224
82 169 141 225 272
167 238 171 254 ,
369 165 416 214 nu
434 163 587 213 urricus.

83 327 162 374 vum,
183 315 231 366 aut
251 317 390 366 mortuum
410 305 579 384 Juguruam
601 324 632 362 se
654 305 684 363 in
704 313 877 382 potestatem

84 387 183 465 populi
205 386 325 444 Romani
347 385 486 444 daturum.
526 385 623 456 ltaque
644 383 734 442 iactus
755 395 801 442 est
828 385 878 443 ille

84 465 197 541 quidem
221 465 332 532 consul,
358 464 447 522 seda
467 463 705 540 fidejustitiaque
731 462 877 533 discessit,

85 546 133 618 qui
154 543 293 619 optimum
307 553 336 601 et
355 543 556 620 gravissimum
576 541 679 608 civem,
695 543 778 618 eujus
800 542 878 618 lega·

85 633 140 689 tus,
155 633 183 679 et
197 641 214 678 a
227 639 284 694 quo
303 619 408 680 missus
428 631 515 689 esset,
530 621 561 678 in
580 619 715 678 invidiam
735 620 809 680 falso
823 621 878 680 cri-

86 701 162 759 mine
177 700 334 758 adduxerit.
672 722 675 730 ·

126 779 172 837 Ne
197 792 293 837 noster
317 778 432 851 quidem
455 776 655 852 Gratidianus*
679 775 775 835 officio
806 779 877 836 boni

85 859 138 915 viri
164 857 275 916 iunctus
299 869 342 915 est
362 867 431 924 tum,
460 874 526 913 eum
554 865 656 931 pretor
682 865 766 923 osset,
789 857 876 914 eolle-

85 937 220 1014 giumque
249 948 396 1014 praetorutu
418 934 522 992 tribuni
543 934 633 1010 plebis
654 933 878 1005 adhibuissenti

85 1028 117 1073 ut
131 1036 175 1074 res
190 1016 318 1074 numeria
331 1015 365 1072 de
379 1013 526 1072 communi
540 1013 678 1069 sententia
691 1014 877 1071 constituere-

86 1104 140 1153 tur.
182 1095 200 1153 J
202 1096 341 1152 artabatur
354 1095 431 1151 enim
445 1091 616 1166 temporibus
627 1091 682 1148 illis
694 1110 810 1158 numus,
822 1093 874 1160 sio,

86 1185 118 1231 ut
132 1192 215 1232 nerno
230 1183 329 1250 posset
338 1173 422 1239 seire,
437 1169 505 1243 quid
518 1170 643 1226 haberet.
685 1168 876 1247 Conscripse-

86 1263 151 1310 runt
172 1252 358 1310 communiter
379 1250 502 1308 edictum
523 1263 588 1306 oum
603 1267 686 1323 poena
700 1259 782 1321 atque
799 1249 875 1326 judi·

86 1331 168 1404 oio;‡
187 1330 456 1400 constitueruntque,
470 1336 502 1385 ut
521 1345 621 1384 omues
641 1327 727 1384 simul
741 1329 771 1385 in
784 1339 875 1386 rostra
931 1331 932 1398 l

85 1420 152 1485 post
175 1407 320 1469 meridiem
343 1405 552 1478 escenderent.§
593 1405 633 1462 Et
652 1405 736 1462 ceteri
759 1406 873 1478 quidem

86 1487 157 1543 alius
186 1486 262 1541 alio:
285 1483 394 1542 Marius
423 1483 601 1540 asubselliis
623 1483 651 1541 in
678 1494 768 1542 rostra
788 1497 871 1553 recta,

86 1564 170 1637 idque
182 1561 257 1636 quod
272 1563 458 1642 communiter
471 1563 661 1637 compositum
681 1562 780 1630 suerat,
795 1563 872 1621 solus
931 1563 932 1567 ’

86 1642 184 1700 edixit.
227 1640 266 1699 Et
286 1659 319 1698 ea
341 1659 395 1708 res,
413 1643 439 1699 si
461 1641 573 1712 quoeris,
595 1641 622 1697 ei
646 1660 750 1718 magno
774 1643 873 1700 lrouori

86 1722 148 1779 suit.
190 1719 331 1778 Omnibus
353 1721 423 1778 vicis
444 1730 565 1776 statute:
587 1719 620 1776 ad
642 1739 700 1784 eas,
717 1731 772 1788 tus,
788 1723 872 1778 cerei.

87 1799 164 1892 Quid
194 1800 305 1858 multbl
341 1801 437 1859 Nemo
464 1816 588 1870 unquam
617 1798 790 1857 multitudini
826 1799 877 1858 suit

86 1899 200 2016 offic
227 1968 303 2024 sunt,
330 1976 392 2029 quae
420 1957 585 2014 conturbant
612 1955 641 2013 in
676 1955 877 2016 deliberatione

87 2056 310 2109 nonnumquam,
333 2056 398 2094 cum
419 2035 458 2103 id,
480 2035 510 2091 in
532 2053 588 2107 quo
608 2034 728 2092 violatur
749 2037 877 2109 equitas,

119 2193 135 2225 θ
153 2187 324 2242 Gratidianus.
339 2193 374 2242 iii.
385 2193 422 2251 16,
433 2199 490 2241 note
501 2192 538 2240 11.

119 2257 133 2309 l
149 2249 340 2307 Adhibuisseut:
356 2259 404 2308 hed
421 2257 553 2307 submitted
563 2256 604 2304 the
621 2256 716 2321 subject
728 2262 753 2305 to
764 2257 807 2308 tlro
819 2274 879 2321 pru-

87 2329 212 2439 tossbum
221 2401 292 2451 putta
300 2395 371 2451 atque
377 2385 481 2451 judicio.
519 2385 585 2435 With
597 2384 750 2448 eitherfixed
758 2387 881 2452 penultits

87 2467 118 2500 on
129 2453 315 2512 coutraoemioo,
322 2469 348 2502 or
356 2469 371 2500 a
376 2453 491 2518 poweros
496 2451 615 2517 bringing
621 2451 658 2498 tls
666 2450 786 2512 offundere
793 2451 881 2501 tornat

44 2564 48 2568 ”
87 2516 321 2642 &gomma
353 2582 408 2630 One
425 2581 479 2629 Mu
497 2582 541 2630 hus
560 2581 618 2629 here
634 2579 783 2630 accederent.
816 2582 882 2632 Most

60 2689 65 2698 ,
88 2646 160 2697 MSS.
175 2646 353 2696 detoeodereot.
385 2647 422 2694 As
434 2646 483 2694 this
499 2646 579 2696 would
591 2661 688 2709 express
707 2647 808 2696 desceut
819 2645 881 2696 stum

87 2711 129 2759 the
140 2712 221 2760 forum
232 2712 284 2760 into
295 2711 336 2760 the
347 2716 433 2768 rostro,
442 2711 545 2775 directly
556 2717 671 2776 contrary
682 2717 708 2759 tu
718 2713 760 2761 the
771 2712 829 2771 fuet,
841 2713 880 2762 the

88 2783 185 2850 nresent
196 2777 298 2841 reading
313 2776 334 2824 in
345 2775 447 2837 adopted
458 2776 491 2839 by
503 2775 610 2834 Ernesti,
621 2793 648 2824 ns
659 2775 715 2824 well
730 2793 757 2826 ns
768 2779 803 2843 by
813 2777 837 2826 J.
852 2775 879 2826 F.

155 2855 235 2902 ungor.
593 2867 597 2876 ·

922 2895 930 2966 ⁴
