1890 3224
101 180 158 238 ooo
385 179 431 227 nn
450 175 602 226 orr1cns

140 323 199 382 Sed
219 324 377 381 omittamus
398 331 426 378 et
439 321 556 386 fabulas,
571 329 599 374 et
613 325 747 374 externa:
771 315 805 373 ad
824 334 880 373 rem

102 402 202 460 laetam
217 410 365 468 nostraque
378 399 531 456 veniamus.
573 396 615 452 M.
628 395 731 452 Atilius
746 395 880 470 Regulus,

103 497 168 538 eum
187 477 286 534 consul
306 477 423 533 iterum*
437 477 464 534 in
480 475 574 532 Africa
595 493 632 530 ex
654 473 766 531 insidiis
787 483 881 548 captus

103 566 187 623 esset,
201 554 272 612 duce
293 553 458 630 Xanthippo
479 553 702 618 Lacedaemonio,
718 553 882 627 imperatore

104 644 194 692 autem
207 641 294 707 patre.
331 631 496 689 Hannibalis
512 630 682 696 Hamilcare,
694 630 803 705 juratus
819 630 884 686 mis·

104 730 151 769 sus
165 709 257 768 estad
276 718 412 777 senatum,
427 720 473 778 ut,
482 709 537 766 nisi
559 708 657 765 redditi
678 717 775 765 essent
788 707 883 765 Ptenis

104 788 206 865 captivi
219 788 464 859 nobiles'quidam‚
479 784 581 844 rediret
594 787 656 862 ipse
671 785 882 862 Carthaginem.

104 865 133 924 Is
154 884 217 924 eum
232 865 351 924 Romam
373 865 504 931 venisset,
519 864 645 920 utilitatis
666 864 793 939 speciem
811 863 885 920 vide-

104 945 160 1012 bat,
182 943 232 1000 sed
254 963 326 1009 eam,
341 953 372 1000 ut
392 961 437 1000 res
459 943 588 1008 declarat,
612 941 710 998 falsam
729 943 882 1017 judicavit:

107 1021 185 1100 [qua
199 1031 257 1079 erat
270 1019 363 1098 talis]†
375 1039 487 1078 manere
502 1021 532 1079 in
546 1021 643 1097 patria,
658 1039 722 1076 esse
738 1020 816 1078 domi
829 1018 884 1076 sue

106 1118 171 1158 cunr
184 1117 281 1164 uxore,
293 1117 358 1156 cum
371 1099 482 1166 liberis3
498 1117 582 1170 quam
602 1099 788 1155 calamitatem
811 1116 885 1154 aece-

106 1178 196 1254 pisset
203 1177 233 1233 ia
240 1177 324 1243 bello,
332 1194 510 1234 communem
519 1177 634 1233 fortuna
645 1176 754 1233 bellicae
760 1169 885 1252 judican-

107 1265 174 1322 tem,
199 1263 292 1312 tenere
317 1255 469 1312 consularis
494 1254 635 1330 dignitatis
661 1254 798 1330 gradum:
825 1255 883 1326 quis

106 1333 168 1390 haec
181 1342 263 1406 neget
276 1350 338 1388 esse
349 1333 444 1388 utilia?
460 1333 551 1398 Quem
566 1333 701 1405 censeslss
720 1331 884 1408 Magnitudo

107 1409 193 1468 animi
206 1418 234 1464 et
246 1407 377 1465 fortitudo
391 1413 497 1484 negat.§

934 1513 936 1542 l

106 1564 172 1620 lawe,
183 1561 292 1626 religion,
303 1563 350 1610 arrd
362 1562 418 1611 civil
433 1564 583 1616 institutions
594 1566 687 1614 similar
697 1573 722 1614 to
733 1567 801 1615 those
812 1567 842 1614 of
846 1567 884 1615 the
935 1609 936 1624 ,

31 1657 33 1664 ,
106 1627 212 1676 Greeks:
230 1643 256 1674 aa
268 1627 385 1692 speaking
396 1627 437 1676 the
447 1644 515 1678 sarne
523 1631 651 1695 language,
660 1632 700 1678 the
712 1632 855 1696 probability
866 1633 885 1678 is
935 1627 936 1646 ³

106 1693 159 1740 that
173 1691 231 1755 they
241 1707 305 1740 were
323 1693 440 1742 admitted
454 1700 479 1742 to
489 1695 519 1742 be
530 1696 559 1743 of
570 1697 610 1743 the
627 1711 695 1743 same
713 1698 825 1753 descent;
841 1697 886 1744 aad

106 1753 286 1871 tllrigtdtherplfore
301 1757 350 1806 this
366 1759 509 1820 appellation
525 1761 594 1808 could
609 1767 652 1808 not
668 1762 697 1808 he
713 1761 839 1826 generally
849 1778 886 1824 ap

105 1837 122 1884 p
180 1828 226 1871 tet
243 1837 289 1870 em.
934 1827 936 1882 l

119 1888 153 1932 ‚³
171 1886 262 1936 Consul
272 1888 366 1935 iterum.
398 1887 429 1935 A.
440 1887 470 1937 U.
481 1888 508 1936 O.
519 1887 573 1948 486,
584 1890 631 1937 and
642 1888 696 1938 497.

139 1951 152 2004 †
170 1951 229 2010 Qua
240 1959 291 1999 erat
301 1951 365 1999 talia.
398 1952 478 2000 These
495 1953 562 2000 three
579 1955 658 2002 words
674 1971 716 2002 are
735 1955 841 2018 rejected
858 1957 887 2018 by

107 2013 238 2064 Facciolati
249 2032 276 2064 as
289 2016 407 2078 spurious.

140 2080 150 2130 l
168 2079 244 2137 Quem
254 2082 351 2128 aeneas?
368 2097 401 2128 sc.
417 2083 522 2146 negare?
554 2081 616 2130 This
627 2083 714 2144 phrase
732 2083 839 2131 receives
850 2101 887 2132 er·
932 2117 936 2168 p

108 2143 230 2204 planation
241 2144 303 2191 from
310 2144 454 2203 Quintilian,
465 2145 526 2194 Μ.
537 2145 575 2194 24.
608 2147 812 2210 “Nonnunquam
824 2165 888 2197 com-

107 2206 260 2255 municantes
271 2209 360 2270 aliquid
371 2210 547 2272 inexpectatum
558 2213 728 2323 sulpiangimus
739 2213 802 2274 quod
811 2221 837 2261 et
849 2229 889 2275 per

108 2271 297 2320 seschamaest.
322 2273 579 2339 UtinVerrem,qnid
605 2277 759 2339 sindelqaid
770 2280 888 2326 censetis?

102 2333 200 2396 suatum
210 2334 325 2410 sortasse,
340 2346 383 2386 aut
395 2339 504 2402 praedm
521 2340 644 2403 aliquam?
660 2341 755 2390 Deinde
771 2357 828 2390 eum
848 2343 889 2391 diu

107 2399 271 2472 suspendtsset
283 2401 395 2464 judicum
411 2403 512 2463 animos,
524 2405 625 2470 subjecit
636 2407 700 2467 quod
710 2408 788 2455 multo
798 2413 837 2455 est
846 2408 889 2456 irn-

107 2461 227 2536 probius.''
260 2465 329 2524 Also,
347 2482 390 2528 pro
400 2467 506 2527 Caecina,
522 2486 543 2517 e
559 2471 582 2517 5.
598 2471 723 2520 “Mandat
740 2478 767 2520 ut
784 2471 889 2520 fundum

107 2527 246 2600 satiemur?
263 2531 303 2577 eui
320 2531 436 2578 tendent
454 2532 494 2580 cui
511 2535 618 2596 putatis?
635 2551 717 2584 annon
735 2537 760 2584 in
778 2542 889 2584 mentem

108 2596 174 2638 vemt
189 2592 325 2649 omnibus,”
342 2593 390 2640 &a
422 2593 484 2644 This
504 2598 633 2648 rhetorical
651 2601 723 2658 form,
734 2598 815 2649 which
836 2618 888 2650 was

107 2654 199 2728 termed
211 2655 404 2712 communicatio,
414 2673 514 2720 appears
530 2663 643 2712 intended
656 2670 680 2712 to
697 2665 781 2730 excite,
792 2673 887 2729 greater

108 2721 232 2790 attention.
264 2718 335 2778 Toup
345 2719 425 2768 wotrld
436 2731 529 2772 correct
545 2728 593 2775 this
610 2745 711 2793 passage
723 2730 788 2788 thus,
799 2731 887 2779 utilia.⁷

107 2777 181 2826 attalae
224 2795 340 2837 oscenses,
351 2781 399 2828 dac.

138 2839 152 2895 b
244 2842 421 2908 aem-negat.
453 2849 492 2898 Sir
510 2851 616 2904 Herhert
626 2856 702 2915 Crcst,
720 2858 746 2907 in
762 2859 801 2908 his
818 2865 887 2915 tract,
924 2897 936 2928 ,p
