1890 3224
307 217 652 289 trentcrttxxxnr.
822 219 880 277 sou

92 369 186 436 potest
196 361 322 437 turpius?
337 361 355 420 J
357 381 411 430 am,
422 361 613 434 quidolorem,
623 378 763 422 summum
775 362 879 420 malum

92 437 175 505 dicat,
192 439 264 515 apud
278 458 343 497 eum
358 457 443 512 quem
456 441 540 498 habet
552 441 646 499 locum
660 439 808 506 fortitudo,'
817 459 878 512 quae

91 527 136 597 est
162 516 289 576 dolorum
320 517 502 590 laborumque
530 519 700 576 contemtiol
741 518 878 584 Quamvis

92 594 168 650 enim
183 595 277 652 multis
292 595 362 652 locis
377 597 616 674 dicatEpicuruS‚
629 597 711 653 sicuti
723 596 799 663 dicit,
812 597 879 654 satis

90 671 207 740 fortiter,
222 673 256 730 de
270 671 381 740 dolore,
403 685 496 732 tamen
510 695 567 733 non
581 675 609 732 id
623 675 806 750 spectandum
826 684 879 742 est,

91 749 160 823 quid
184 751 266 818 dicat,
282 751 332 809 sed
353 752 420 824 quid
443 765 661 811 consentaneum
683 753 720 808 sit
734 753 761 810 ei
776 752 879 820 dicere,

92 829 141 900 qui
163 830 245 894 bona,
267 831 407 906 voluptate
428 831 644 898 terminaverit*
664 831 747 896 mala,-
765 830 878 888 dolore:

78 918 131 972 ·ut,
148 908 173 964 si
194 907 271 965 illum
287 909 397 966 audiam
412 909 445 967 de
460 909 631 967 continentia
645 917 673 964 et
686 911 879 984 temperantia,

91 983 159 1042 dicit
183 985 229 1042 ille
254 986 369 1058 quidem
391 987 478 1044 multa
502 989 596 1045 multis
621 986 707 1053 locis3
733 986 783 1044 sed
809 1007 881 1058 aqua

92 1064 203 1130 haeretl
225 1077 255 1122 ut
277 1066 363 1122 aiunt.
405 1066 541 1137 Namqui
562 1074 656 1141 potest
670 1066 880 1140 temperantiam

91 1141 202 1199 laudare
215 1143 249 1210 is,
259 1144 307 1215 qui
318 1149 403 1218 ponat
409 1162 551 1201 summum
563 1145 666 1202 bonurn
679 1143 709 1200 in
721 1144 879 1218 voluptate?

53 1243 56 1258 ¹
92 1220 148 1277 Est
161 1222 236 1278 enim
252 1224 433 1298 temperantia
446 1221 594 1279 libidinum
605 1221 735 1288 inimica;
750 1220 889 1300 libidibes

52 1341 57 1348 ,
91 1310 183 1356 autent
199 1301 412 1356 consectatrices
427 1301 586 1376 voluptatis.
839 1368 843 1377 Ι

132 1378 224 1449 Atque
246 1379 274 1435 in
297 1379 341 1435 bis
365 1388 457 1435 tamen
480 1379 566 1436 tribus
587 1379 746 1456 generibus,
768 1395 881 1449 quoquo

93 1454 179 1512 modo
193 1468 321 1532 possunt,
333 1477 389 1515 non
405 1457 533 1515 incallide
548 1458 771 1534 tergiversantur.
812 1456 881 1514 Pru·

92 1533 215 1591 dentiam
235 1535 421 1601 introducunt,
436 1537 582 1593 scientiam
594 1535 820 1612 suppeditantem
833 1553 881 1608 vo·

92 1611 223 1687 luptates,
236 1613 421 1688 depellentem
438 1613 558 1676 dolores.
600 1613 804 1674 Fortitudinem
813 1631 882 1684 quo·

45 1723 49 1730 ‚
93 1708 151 1761 quo
163 1691 256 1762 aliquo
267 1690 351 1749 modo
363 1691 524 1765 expediunt,
537 1709 602 1748 cum
614 1691 732 1756 tradunt,
744 1692 881 1749 rationem

94 1769 267 1844 negligendae
278 1771 386 1836 mortis,
398 1768 627 1846 perpetiendique
639 1768 752 1827 doloris.
786 1769 881 1826 Etiam

94 1850 306 1922 temperantiam
320 1847 463 1914 inducunt,
479 1866 535 1904 non
555 1846 687 1904 facillime
701 1847 742 1904 illi
756 1845 881 1918 quidem,

93 1924 150 1991 sed,
167 1937 258 1983 tamen
279 1945 393 1998 quoquo
407 1926 491 1984 modo
505 1935 635 2000 potsunt.
674 1925 781 1982 Dicunt
794 1926 880 1992 enim,

94 2003 245 2078 voluptatis
260 2004 478 2081 magnitudinem
494 2003 598 2063 doloris
613 2003 782 2061 detractione
797 2003 879 2061 finiri.

93 2081 209 2140 ,lustitia
233 2084 352 2150 vacillat,
373 2085 418 2140 vel
439 2083 515 2159 jacet
532 2083 636 2158 potius,
657 2100 813 2153 omnesque
841 2100 881 2138 ea

96 2157 222 2227 virtutes,
251 2181 312 2232 qnae
340 2162 370 2218 in
397 2162 594 2219 communitate
622 2169 771 2218 demuntur
797 2169 826 2217 et
853 2161 881 2216 in

94 2239 227 2296 sdcietate
244 2240 353 2315 generis
374 2240 500 2298 humani.
540 2240 642 2312 Neque
663 2238 739 2297 euim
760 2240 881 2305 bonitate,

94 2335 148 2374 nec
167 2317 326 2384 liberalitas,
342 2337 394 2376 uec
414 2319 531 2376 comitas
552 2336 616 2375 esse
631 2327 732 2393 potest,
747 2335 804 2374 non
818 2318 881 2393 plus

94 2415 181 2467 quam
201 2397 341 2454 amicitia:
369 2397 394 2453 si
418 2397 477 2454 haec
496 2415 552 2454 non
577 2414 627 2472 per
650 2415 681 2452 se
705 2407 880 2471 expetantur,

95 2474 146 2532 sed
161 2475 194 2532 ad
209 2476 379 2551 voluptatem
394 2476 575 2533 utilitatemve
589 2475 750 2532 referantur.

127 2631 142 2662 ¹*
164 2630 344 2681 Termionverit.
360 2637 374 2660 ‘⁴
381 2631 469 2679 Omnis
480 2637 561 2680 autem
573 2629 706 2692 privatione
717 2629 806 2677 doloris
815 2635 883 2690 putat

94 2693 217 2758 Epicurus
229 2696 354 2745 terminari
366 2713 488 2745 summam
499 2697 669 2759 voluptatem.”
703 2694 740 2742 De
752 2693 806 2742 Fin.
818 2694 833 2742 i.
846 2695 882 2742 11.

126 2759 138 2811 i
155 2759 227 2824 Aqua
238 2761 317 2810 beret.
349 2761 374 2810 Α
385 2761 510 2824 metaphor
522 2761 596 2810 taken
608 2759 714 2823 possibly
725 2759 803 2807 either
820 2759 882 2806 from

93 2825 280 2888 theclepsydra,
292 2841 323 2874 an
335 2827 481 2875 instrument
491 2827 573 2875 which
583 2825 710 2874 measured
721 2823 761 2872 the
777 2823 843 2886 lapse
859 2823 888 2870 of

90 2889 152 2938 time
164 2891 196 2955 by
207 2891 248 2939 the
259 2907 361 2957 passage
372 2891 401 2941 of
408 2897 482 2940 water
494 2891 565 2940 throu
583 2891 599 2940 h
611 2907 625 2940 a
636 2904 730 2938 nerrow
743 2887 840 2946 sturneh
856 2901 882 2936 or

89 2953 154 3004 sroru
166 2973 180 3004 a
192 2962 272 3020 gutter
284 2955 320 3006 sor
332 2957 373 3005 the
384 2971 537 3021 conveyencc
548 2907 665 3006 adnatet.
