1882 3216
67 145 123 202 rag
353 141 402 190 nr.
419 137 573 189 ori-neus.

64 284 221 352 simillimo,
240 284 288 357 qui
311 283 365 340 ists
385 283 518 360 praeolsrs
538 289 738 360 perpererunt:
760 289 858 340 tamen

65 363 126 422 haeo
151 373 254 426 nostre.
277 363 397 420 finitima
420 363 530 428 vestris,
553 362 649 437 ignote
672 378 738 418 esre
766 361 860 418 nolui.

65 442 123 502 Sed
133 443 192 519 jem
208 440 241 498 ad
256 441 557 517 institutepergsrnus.

66 597 155 656 cnP.
176 595 229 655 111.
273 594 424 674 Quidquid
447 596 600 655 honestum
625 595 674 664 rit,
695 595 775 655 idem
796 613 862 655 erse

118 673 200 734 utile.
243 673 377 745 wentae
390 675 533 734 utilitates
543 674 649 752 afferre
661 673 797 734 societur.
932 710 933 752 p

103 817 243 884 Qurnerr
271 817 356 894 igitur
382 818 555 879 redonibus*
583 816 737 893 propositis
764 817 861 876 officii
932 827 933 864 ἲ

64 896 261 974 persequendi,
277 915 394 969 querum
417 896 478 953 due
501 896 536 952 ad
557 895 644 952 decus
665 895 861 954 honestatem-

66 993 121 1047 que
150 978 308 1053 pertinent;
336 975 397 1034 duae
418 973 621 1032 adcommoda
648 974 723 1039 vites,
745 975 859 1049 copias,
933 1045 934 1054 ἵ

65 1072 147 1131 opes,
175 1055 336 1123 seruitutes3
373 1054 469 1126 quintu
495 1051 529 1108 ad
555 1051 680 1128 eligendi
703 1051 861 1128 judicium,

65 1133 91 1190 si
124 1134 236 1207 quando
270 1151 312 1197 ea,
347 1149 410 1204 quae
449 1130 519 1198 dixi,
555 1147 679 1206 pugnare
717 1130 790 1188 inter
823 1148 860 1188 se
934 1156 935 1246 p

66 1211 243 1277 viderenturt
273 1211 427 1269 honestatis
452 1227 516 1286 pars
542 1207 668 1264 couseota
692 1218 744 1276 est,
769 1225 860 1281 quem

65 1289 180 1360 quidem
200 1289 250 1346 tibi
264 1289 348 1364 cupio
362 1307 426 1344 esse
440 1287 628 1345 notissimam.
669 1285 735 1344 Hoe
748 1298 858 1356 eutem,

65 1365 101 1424 de
124 1385 180 1436 quo
203 1383 278 1422 nune
299 1367 418 1440 agimus,
442 1365 471 1423 id
495 1367 590 1441 ipsum
612 1374 664 1432 est,
688 1365 763 1438 quod
788 1366 861 1444 utile

65 1444 228 1520 appellatur.
269 1441 302 1499 ln
323 1461 379 1514 quo
399 1442 478 1518 lapsa
498 1443 672 1500 consuetudo
690 1443 808 1502 deflexit
820 1443 859 1502 de
935 1495 936 1502 ,

65 1523 119 1586 via,
135 1521 298 1591 sensimque
318 1539 353 1577 eo
374 1519 492 1578 deducta
512 1533 565 1589 est,
579 1533 611 1578 ut
630 1522 807 1580 honestatem
821 1525 859 1581 ab

65 1599 181 1656 utilitate
201 1615 351 1656 secernens
372 1610 400 1656 et
419 1600 609 1668 constitueret,
625 1601 774 1658 honestum
789 1620 857 1660 esse
936 1600 937 1650 i

64 1676 178 1748 aliquid,
193 1677 268 1749 quod
290 1677 356 1736 utile
377 1697 434 1737 nou
455 1688 540 1742 esset.
555 1690 582 1737 et
601 1680 680 1745 utile,
700 1679 777 1752 quod
797 1699 856 1738 non

64 1755 228 1814 honestum:
255 1775 311 1830 que
332 1757 408 1814 nulla
430 1759 569 1834 pernicies
593 1759 683 1835 major
704 1759 854 1817 hominum

66 1833 128 1891 vitae
142 1836 233 1912 potuit
243 1836 344 1894 afferri.

102 1913 223 1973 Summa
247 1916 359 1987 quidem
382 1915 541 1973 auctoritate
562 1912 736 1991 philosophi,
757 1934 858 1974 severe

66 2010 133 2051 sene
160 2007 241 2066 etque
266 1994 394 2061 honeste,
417 1994 477 2055 haeo
505 1993 556 2050 uia
584 2011 687 2068 genera
713 1993 859 2063 oonsusa,†

63 2073 231 2148 cogitatione
245 2072 435 2148 distinguunu
474 2070 619 2144 Quidquid
643 2072 718 2130 enirn
729 2137 732 2154 1
736 2071 855 2147 justum

341 2261 499 2310 euterun
517 2261 562 2310 ΙΙΙ.

97 2355 414 2419 *Quinque-rationibus.
438 2339 508 2406 'viee
520 2359 587 2409 nui.
599 2375 620 2408 c.
632 2358 654 2406 3.

97 2422 110 2474 †
128 2421 244 2484 Confusa.
276 2421 364 2480 “Quin
375 2422 470 2484 proprie
481 2439 555 2472 unum
567 2441 618 2473 rem
630 2423 745 2480 efficiunt,
754 2423 864 2475 wnflm

64 2485 201 2536 diormtur.”
234 2485 340 2535 Ernesti.
372 2487 423 2546 Hoc
435 2487 464 2533 de
476 2503 520 2550 prro
531 2489 650 2553 loprrimur
661 2487 773 2536 decorum
780 2495 863 2540 wuito

64 2549 128 2600 illud
139 2550 234 2616 peridem
245 2559 281 2599 est
291 2567 346 2600 oum
358 2553 446 2600 uirtute
457 2553 592 2616 confusum,
602 2555 618 2602 i.
629 2554 668 2602 27.
821 2543 825 2562 ¹

97 2616 107 2667 i
124 2616 298 2680 Distinguunt.
330 2617 500 2678 Philosophers
511 2619 541 2666 of
551 2619 592 2666 the
608 2618 706 2683 highest
717 2619 863 2680 reputetion

64 2677 169 2745 viewing
186 2681 239 2729 thet
249 2679 330 2728 which
347 2681 369 2728 is
384 2682 437 2744 just
453 2682 501 2739 pud
517 2682 653 2741 honoreble¹
665 2699 692 2731 ns
703 2683 729 2729 iu
740 2683 810 2730 truth
822 2684 864 2732 in.

64 2746 186 2803 sepueble
198 2745 260 2792 from
271 2744 324 2792 thet
332 2744 414 2793 which
425 2745 446 2793 is
458 2745 544 2803 ureiul,
553 2747 602 2794 still
610 2747 688 2796 edmit
696 2747 748 2794 thet
757 2747 784 2794 in
794 2747 863 2807 iden,

63 2807 111 2852 und
121 2809 213 2870 merely
222 2824 248 2855 es
257 2825 272 2855 ι
280 2809 373 2871 subject
379 2809 409 2856 of
415 2809 546 2866 reflection,
555 2811 612 2876 they
621 2827 681 2874 moy
689 2812 719 2858 be
727 2811 862 2874 disjoined.
