1882 3216
131 99 133 104 ,
191 96 195 103 .
326 110 331 120 s
532 86 546 109 .

88 163 127 220 34
371 159 418 206 nn
437 117 604 206 cumeris.⁴
710 147 718 167 ¹
791 153 795 168 ¹

88 304 141 362 hec
155 310 232 380 parte
247 301 413 367 honestatis,
423 298 458 356 de
473 318 528 371 qua
538 297 593 356 hoc
604 299 668 358 loco
678 299 877 359 disserendum

88 392 142 450 est,
156 381 207 437 sed
221 381 305 436 etiarn
320 380 349 436 in
359 379 446 435 tribus
456 377 675 454 superioribus‚*
689 378 757 451 quid
767 379 876 448 deceat,

89 469 212 535 apparet.
253 458 329 514 Nem
345 466 373 514 et
386 458 493 514 ratione
508 457 547 513 uti
568 465 651 528 atque
670 457 797 515 oratione
812 475 877 532 pru-

88 537 195 605 denter,
205 546 233 593 et
247 555 338 612 agere,
351 535 427 608 quod
436 553 512 610 ngas,
522 534 716 593 considerate:
738 537 875 608 omnique

88 616 118 673 in
139 634 178 682 re,
201 615 269 688 quid
289 616 326 672 sit
346 613 415 682 veri,
433 613 528 670 videre
542 622 572 669 et
598 614 668 672 tueri
689 614 787 671 decet:
810 633 876 673 con·

88 703 184 766 traque
218 694 285 760 salli,
313 711 415 759 errare,
439 693 506 759 labi,
534 691 628 768 decipi
662 701 719 750 tem
746 691 875 760 dedecet,

88 791 174 844 quarn
200 771 316 830 delirare
344 781 373 829 et
388 780 483 830 mente
510 788 574 828 esse
595 780 722 846 ceptum:
746 780 775 828 et
798 771 876 848 justa

89 851 184 908 omnia
197 850 298 908 decora
317 860 400 918 sumt
422 849 526 925 injusta
545 857 649 917 corun,
665 857 696 906 nt
715 850 818 925 turpia,
833 849 876 907 sic

89 928 229 987 indecore.
270 929 379 988 Similis
406 938 450 986 est
476 927 546 985 ratio
566 927 747 985 fortitudinis.
790 927 876 993 Quod

89 1008 165 1065 eninr
180 1008 294 1066 viriliter
308 1009 458 1082 animoque
471 1025 574 1082 magno
588 1007 629 1074 fit,
639 1006 670 1063 id
680 1006 799 1083 dignum
813 1007 874 1064 viro

89 1096 118 1144 ct
131 1087 263 1146 decorum
277 1087 405 1146 videtur:
427 1085 504 1159 quod
517 1093 622 1152 contra,
637 1085 666 1142 id
679 1095 712 1143 ut
724 1094 818 1161 turpe,
832 1085 874 1142 sic

88 1165 261 1224 indecorum.
343 1195 364 1244 ⁸.
864 1215 866 1220 .

129 1245 222 1310 Quare
237 1245 357 1316 pertinet
376 1242 491 1316 quidem
506 1240 541 1299 ad
560 1259 675 1301 omnem
695 1242 875 1299 honestatem

90 1321 155 1388 hoc,
171 1321 247 1392 quod
267 1321 504 1388 dico„decorum:
527 1329 555 1377 et
568 1321 607 1377 ita
620 1321 749 1396 pertinet,
764 1329 796 1376 ut
815 1339 874 1378 non

89 1399 232 1473 recondite
258 1398 377 1471 quadarn
405 1399 512 1456 ratione
541 1409 680 1466 cernatur,
701 1397 752 1456 sed
777 1399 817 1455 sit
844 1399 874 1456 in

90 1484 211 1551 promtu.
253 1477 308 1533 Est
321 1478 397 1534 enirn
412 1475 554 1548 quiddam,
568 1477 653 1549 idque
666 1477 829 1552 intelligitur
842 1477 872 1534 in

90 1553 168 1610 omni
182 1555 292 1621 virtute,
308 1555 384 1627 quod
397 1555 510 1612 deceat:
533 1556 609 1628 quod
629 1556 799 1632 cogitatione
816 1574 875 1613 ma-

91 1631 165 1706 gisa
178 1632 278 1690 virtute
292 1643 395 1709 potest,
410 1653 494 1706 quem
508 1653 536 1691 re
546 1635 679 1710 separari.
720 1633 761 1691 Ut
771 1652 875 1692 venus·

90 1719 131 1764 tas
146 1721 174 1767 et
193 1711 371 1786 pulchritudo
391 1713 516 1788 corporis
537 1713 647 1770 secerni
667 1730 725 1769 non
744 1720 838 1787 potest
859 1731 875 1768 a

90 1788 263 1847 valetudine:
286 1791 328 1847 sic
348 1792 413 1851 hoc.
429 1791 463 1847 de
484 1809 541 1861 quo
561 1790 712 1862 loquimur,
728 1790 873 1857 decorum,

90 1873 179 1925 totum
193 1868 262 1926 illud
276 1868 390 1942 quidem
404 1879 448 1925 est
461 1887 525 1925 cum
540 1868 641 1924 virtute
650 1868 811 1935 confusum,
823 1868 875 1926 sed

90 1956 183 2004 mente
198 1955 226 2004 et
239 1948 406 2023 cogitatione
421 1945 609 2022 distinguitur.

130 2025 185 2082 Est
212 2037 303 2082 autem
332 2026 393 2100 ejus
421 2023 572 2099 descriptio
592 2022 706 2100 duplex.
748 2023 826 2082 Nem
846 2034 876 2083 et

90 2103 219 2177 generale
233 2101 371 2174 quoddam
384 2102 516 2160 decorum
537 2101 731 2178 intelligimus,
746 2103 824 2174 quod
844 2104 874 2160 in

91 2181 169 2237 omni
183 2169 328 2236 lronestate
337 2189 480 2236 versatur:
502 2189 531 2236 et
541 2179 616 2237 aliud
626 2179 691 2237 huic
703 2181 874 2256 subjectum,

91 2256 167 2328 quod
180 2258 299 2330 pertinet
313 2256 348 2314 ad
368 2258 491 2333 singulas
505 2268 597 2333 portes
618 2258 783 2316 honestetis.
825 2259 875 2318 At-

91 2352 145 2412 que
160 2334 227 2391 illud
242 2337 371 2410 superius
387 2335 494 2393 siclere
509 2335 618 2393 definiri
629 2337 717 2394 solet:
739 2335 875 2396 decorum

90 2411 120 2469 id
134 2429 208 2478 esse,
223 2413 298 2485 quod
317 2421 536 2472 consentaneum
546 2415 584 2472 sit
596 2415 720 2472 hominis
735 2417 876 2474 excellen-

91 2491 147 2560 tiae,
164 2491 192 2548 in
207 2509 252 2558 eo,
266 2493 296 2549 in
310 2511 367 2564 quo
380 2501 477 2550 natura
490 2492 553 2568 ejus
568 2513 584 2550 a
597 2493 712 2564 reliquis
728 2494 877 2552 animanti·

90 2571 143 2628 bus
159 2569 275 2627 differat.
316 2571 386 2635 Quae
401 2579 492 2628 autem
505 2589 569 2646 pars
579 2572 704 2648 subjecta
714 2573 810 2648 generi
820 2582 874 2640 est,

92 2666 154 2705 eam
164 2649 206 2705 sic
220 2648 365 2716 definiunt,
380 2656 411 2705 ut
424 2647 452 2704 id
466 2649 598 2707 decorum
613 2651 700 2706 velint
710 2668 785 2718 esse,
797 2650 875 2724 quod

124 2804 138 2834 't
161 2802 246 2850 Tribus
257 2803 437 2867 superioribus:
453 2811 495 2852 not
507 2804 564 2866 only
576 2805 601 2851 in
617 2811 779 2867 temporanee,
790 2808 835 2856 but
850 2807 879 2856 in

92 2866 219 2924 arodenes,
228 2869 323 2930 Justice‚
334 2869 382 2916 und
394 2867 513 2916 fortitude.
610 2895 612 2904 .
