1896 3220
94 173 131 228 64
371 172 419 219 DE
437 170 589 220 onrtctls.

93 313 140 370 cui
154 321 290 389 parerem,
304 311 429 370 libertate
451 323 608 371 uterentur:
630 313 709 389 cujus
731 311 880 390 proprium
937 309 938 316 '

94 401 146 458 est,
161 392 203 448 sic
217 391 321 460 vivere,
335 403 367 448 ut
380 391 460 448 velis.

94 561 183 622 OAP.
199 548 284 623 XXI,
302 564 434 624 Honores
448 565 484 622 ab
499 565 601 624 oticsis
611 556 728 642 negligi
736 585 748 633 ,·
771 564 879 642 quibua
930 633 933 640 ,

132 644 305 720 capessenda
325 645 364 702 ait
379 643 558 720 respublica:
580 643 652 720 quid
665 644 701 701 ob
716 643 755 701 iia
768 643 878 702 deside-

132 730 236 792 ratio,-
259 741 322 800 quc
335 722 410 780 vitiu
420 722 533 801 sugere
547 721 676 780 debeant.

133 878 247 947 Quane,
258 897 323 936 cum
338 877 392 936 hoc
407 897 556 936 commune
571 879 608 936 sit
621 877 753 954 potentiae
762 878 878 955 cupido·
938 925 939 956 ,

92 976 154 1016 rum
169 977 233 1015 curn
248 959 293 1025 iis,
309 977 379 1030 qnos
389 957 458 1024 dixi,
473 958 571 1015 otiosis
581 960 608 1013 t*
622 957 699 1014 alteri
713 975 744 1013 se
759 957 877 1033 adipisci
938 969 939 1032 ᾗ

93 1035 122 1094 id
135 1054 220 1112 posse
230 1038 400 1105 arbitrantur,
414 1037 439 1092 si
453 1055 522 1112 opes
534 1055 648 1111 magnas
661 1035 797 1092 habeant:
813 1037 878 1093 alte·
938 1033 939 1104 ζ

92 1115 126 1183 ri,
142 1117 167 1173 si
181 1117 304 1175 contenti
318 1117 375 1173 sint
388 1128 416 1172 et
436 1135 498 1182 suo,
513 1127 541 1170 et
554 1133 649 1190 parvo.
689 1113 723 1171 In
739 1131 797 1184 quo
811 1133 877 1172 neu·
938 1117 939 1150 ³

92 1203 198 1251 trorum
212 1196 327 1252 omnino
337 1191 542 1250 contemnenda
552 1192 689 1249 sententia
702 1203 762 1249 est:
786 1193 837 1250 sed
851 1203 877 1250 et

92 1271 209 1340 facilior,
224 1284 252 1330 et
264 1274 355 1337 tutior,
368 1281 395 1326 et
409 1272 502 1327 minus
517 1271 578 1328 aliis
593 1271 684 1347 gravis
699 1281 746 1328 aut
759 1272 877 1328 molesta

93 1349 150 1405 vita
169 1361 212 1406 est
233 1350 402 1406 otiosorum:
424 1349 591 1406 fructuosior
611 1359 703 1407 autem
727 1348 874 1407 hominum

92 1428 198 1502 generi,
220 1436 247 1483 et
268 1425 302 1482 ad
326 1425 476 1483 claritatem
497 1428 765 1502 amplitudinemque
789 1429 876 1504 aptior

93 1523 200 1569 eorum,
216 1504 264 1576 qui
284 1522 315 1561 se
330 1503 436 1562 adrem
451 1505 591 1580 publicam
605 1517 633 1564 et
646 1507 681 1564 ad
701 1525 818 1584 magnas
832 1523 874 1565 res

92 1582 228 1660 gerendas
243 1583 530 1642 accommodaverunt.

133 1661 310 1737 Quapropter
321 1673 348 1720 et
359 1662 394 1718 iis
405 1661 519 1720 forsitan
532 1662 742 1722 concedendum
757 1663 809 1725 sin
819 1681 874 1720 rem

92 1739 233 1816 publicam
245 1758 300 1798 non
313 1743 534 1817 capessentibus,-
546 1743 594 1814 qui
605 1743 754 1800 excellenti
762 1743 875 1818 ingenio

93 1817 225 1876 doctrine
239 1838 303 1876 sese
317 1820 495 1878 dediderunt:
507 1832 546 1888 et
564 1820 610 1888 iis,
633 1822 682 1893 qui
707 1829 754 1877 aut
773 1823 875 1878 valetu-
939 1857 940 1872 r

92 1897 166 1956 dinis
181 1899 378 1966 imbecillitate,
394 1909 441 1956 aut
454 1900 546 1971 aliqua
560 1901 685 1974 graviore
705 1917 808 1956 caussa
828 1900 876 1955 im·
939 1919 940 1936 ἢ

92 1977 189 2052 pediti,
200 1996 216 2033 a
228 1997 257 2034 ra
272 1979 384 2052 publica
396 1989 580 2042 recesserunt,
590 1997 654 2035 cum
668 1979 729 2054 ejus
744 1977 876 2035 adminis·
939 2013 940 2050 3

92 2055 195 2112 trandae
220 2065 384 2130 potestatem
413 2057 474 2112 aliis
494 2055 661 2128 laudemque
681 2056 877 2112 concederent.
939 2057 940 2110 l

93 2132 203 2199 Quibus
218 2143 309 2189 autem
325 2132 386 2189 talis
408 2133 484 2190 nulla
504 2135 541 2189 sit
560 2153 669 2201 caussa,
684 2135 710 2190 si
730 2133 875 2208 despicere
939 2141 940 2158 ¹

93 2227 124 2267 se
144 2209 238 2268 dicant
261 2227 304 2277 ea,
320 2227 381 2282 quae
402 2211 528 2286 plerique
548 2213 692 2281 mirentur,
709 2212 831 2287 imperia
850 2222 878 2268 et
939 2209 940 2244 ³

359 2379 524 2430 CHAPTER
539 2381 608 2431 XXI.

125 2512 140 2542 ³
147 2480 260 2585 Ι(γὶέίοοίεε
276 2507 326 2558 rolrc
337 2507 383 2558 lice
394 2509 422 2557 in
426 2509 536 2574 prioacy,
546 2510 672 2577 meddling
680 2519 720 2560 not
731 2512 789 2560 roitb
794 2511 879 2578 public

93 2572 344 2712 affllrfllrnccdendum
359 2639 399 2686 rit.
417 2637 476 2714 sfhe
492 2637 566 2687 idiom
589 2640 618 2688 of
640 2656 684 2689 our
709 2657 764 2691 own
786 2649 878 2708 tongus

94 2700 746 2840 llllssrfflgblllb‘ll§williell
757 2707 879 2820 'illd

94 2826 185 2876 decline
196 2844 322 2897 engagrrrg
332 2831 360 2880 in
367 2803 449 2896 prlble'c
460 2802 577 2880 bruma.
735 2787 754 2835 p
856 2788 881 2837 l*
