1882 3216
331 185 424 238 HM.
443 185 519 242 GAP.
530 186 611 240 XLV·
807 188 859 245 131

79 340 204 408 ternpus,
218 338 250 388 ut
265 330 374 389 intersit
386 330 428 389 rei
441 329 569 408 publiea,
581 327 733 404 quidquam
749 327 862 392 sslotum

77 411 170 469 facere
183 409 349 485 eapientem.

119 489 212 554 Quare
227 488 281 546 boe
294 486 408 560 quidem
430 485 561 546 effectum
575 487 621 556 eit,
635 487 666 546 in
679 486 781 547 officiis
795 485 864 545 deli·

79 568 178 644 gendis
194 565 220 623 id
235 585 324 643 genus
339 565 494 624 officiorum
513 567 660 634 excellere,
682 566 756 640 quod
771 576 864 624 tonea-

79 659 125 702 tur
137 646 279 712 bominum
292 645 452 702 societate*
471 645 586 703 Etenim
598 646 786 721 cognitionem
798 663 864 722 pru·

79 723 258 795 dentiamque
273 725 398 795 sequitur
411 723 585 781 considerata
598 725 680 782 aetio.
721 723 762 781 lta
776 725 816 788 fit,
831 731 864 781 ut

78 820 162 879 agere
176 802 349 860 considerate
362 802 450 878 pluria
465 803 510 867 sit,
520 821 603 874 quam
613 803 734 879 cogitare
743 801 863 878 prudeu-

76 890 130 938 ter.
170 880 265 952 Atque
286 881 349 938 haec
367 880 481 953 quidem
502 882 555 937 hau
574 891 665 938 tenuo.
704 880 863 938 Patefactus

77 969 123 1017 est
136 959 210 1015 enim
225 959 304 1016 loeus
319 959 391 1034 ipae,
408 967 508 1016 utnon
523 959 560 1014 sit
581 958 694 1016 difficile
716 958 746 1016 iu
765 957 865 1030 exqui-

76 1036 166 1094 rendo
177 1036 280 1103 officio,
292 1037 359 1109 quid
366 1038 467 1109 eoique
474 1037 511 1092 sit
519 1036 749 1112 praeponendum,
757 1036 863 1094 videre.

77 1114 112 1173 In
124 1116 187 1191 ipsa
197 1127 287 1173 autem
298 1116 497 1173 communitate
507 1125 573 1171 sunt
583 1114 683 1191 gradus
694 1113 862 1172 officiorum:

76 1213 115 1252 ex
129 1195 242 1266 quibus,
256 1194 323 1267 qnid
344 1195 446 1266 ouique
473 1205 595 1269 praestet,
618 1193 734 1268 intelligi
757 1192 863 1268 possit:

75 1284 110 1331 ut
122 1273 214 1350 prima
225 1273 278 1330 diis
294 1273 508 1338 immortalibus,
530 1271 652 1330 secunda
667 1271 772 1347 panim,
784 1270 865 1328 tertia

75 1353 250 1429 parentibus,
266 1350 399 1427 deinceps
413 1351 548 1428 gradatim
562 1351 677 1423 reliquia
689 1349 849 1408 debeantur.

117 1430 229 1496 Quibus
256 1448 293 1487 ex
319 1431 402 1486 rebus
426 1431 545 1487 breviter
571 1429 718 1506 disputatis
746 1425 864 1505 intelligi

75 1519 181 1586 potest,
210 1527 267 1565 non
295 1509 387 1565 nolum
408 1507 436 1564 id
456 1509 586 1566 homines
615 1509 705 1566 solere
727 1506 863 1574 dubitare,

74 1589 275 1651 honestumne,
286 1605 320 1643 an
330 1598 409 1662 turpe
420 1587 498 1643 sit.
487 1586 537 1644 aed
547 1587 630 1644 etiam
643 1586 751 1644 ‹luobua
763 1603 865 1662 propo-

74 1667 139 1724 sitis
156 1665 292 1732 honestis,
307 1677 399 1722 utrum
419 1665 576 1722 honestius.
616 1663 674 1722 Hio
687 1664 766 1722 locus
781 1683 797 1720 ι
810 1663 864 1721 Ρι-

74 1746 161 1803 naetio
175 1754 228 1810 eat,
242 1753 371 1819 utsupra
384 1743 454 1812 dixi,
469 1741 683 1820 praetermissus.
725 1741 783 1800 Sed
803 1742 864 1820 jam

75 1823 112 1882 ad
125 1823 234 1896 reliqua
247 1840 407 1900 pergamus.

107 1981 123 2014 θ
139 1977 261 2028 Tenentur
271 1975 394 2026 tantinum
404 1978 522 2027 societate.
554 1973 609 2026 Our
620 1973 700 2024 dutieo
715 1969 791 2022 utut
806 1970 866 2022 done

75 2043 178 2093 relation
187 2043 312 2107 toeociety
338 2043 429 2092 Pearoe
441 2044 590 2108 conjectures
601 2041 654 2090 thet
664 2055 701 2088 we
713 2037 799 2087 should
807 2039 865 2087 read

74 2117 174 2160 tueatur
182 2108 303 2157 bominum
312 2111 459 2166 societatem,-
467 2110 511 2157 but
517 2108 558 2156 the
569 2123 612 2156 use
621 2105 650 2155 of
656 2111 735 2153 teneor
743 2102 770 2152 in
777 2121 792 2152 ι
799 2103 867 2152 eimi-

74 2177 111 2254 lar
122 2191 193 2224 oense
204 2189 290 2222 occure
301 2174 341 2223 lib.
353 2174 404 2224 xiii
416 2173 461 2237 Ep.
472 2173 511 2222 29.
543 2173 623 2222 “Nou'
637 2170 721 2220 dubito
731 2169 790 2245 quin
802 2169 867 2218 ocius

75 2239 101 2292 in
119 2239 160 2290 his
175 2239 318 2288 necessariis
329 2256 370 2303 qui
362 2239 425 2289 tibi
437 2256 452 2288 ι
462 2245 530 2302 patre
540 2237 619 2287 relicti
630 2243 695 2312 eunt,
709 2249 748 2284 me
757 2233 801 2284 tibi
812 2251 866 2284 enee

74 2307 113 2356 uel
124 2304 359 2381 oonjunctiosimnm,
377 2321 426 2353 non
445 2305 484 2353 hie
503 2305 575 2353 modo
594 2301 675 2351 ouuoio
690 2316 744 2364 quoe
760 2300 866 2364 speciem

6 2371 13 2384 '
76 2372 181 2422 babeant
192 2385 289 2435 magnai
301 2370 486 2445 conjunctionis,
497 2369 566 2419 eed''
550 2386 581 2418 ιιι
592 2368 667 2418 etiam
677 2382 731 2431 quae
742 2365 868 2416 ιιιιιιιιιιι·

77 2444 126 2488 ute
136 2443 162 2486 et
172 2435 347 2486 cousuetudine
357 2436 507 2487 teneantur?
