1890 3224
320 206 386 257 Lm.
395 205 438 254 lll.
456 207 529 256 CAP.
539 207 569 256 X.
785 211 843 266 239

51 345 90 422 ad
103 364 139 406 ea
151 348 281 425 pertinet,
295 367 357 422 quoe
370 349 465 428 paullo
479 359 542 408 ante
554 347 612 408 dixi
623 349 745 409 honeste
752 350 843 408 amico

51 447 71 483 a
87 426 185 504 judice
202 433 287 505 posse
301 428 427 486 concedi.
469 429 555 496 Nam,
571 430 595 485 si
609 431 704 488 omnia
716 428 843 486 facienda

51 516 131 573 sunt,
146 525 208 579 quae
230 507 314 565 amici
335 505 431 576 velint,
451 527 509 566 non
530 507 659 566 amicitiae
680 508 766 577 tales3
788 507 843 578 ¹sed

51 585 262 662 conjurationes
276 585 404 662 putandae
419 596 493 644 sunt.
527 631 529 636 .

95 663 211 736 Loquor
225 674 315 722 autem
331 664 366 722 de
379 666 576 722 commonibus
591 665 731 723 amicitiis.
755 665 841 734 Nam,

52 741 87 800 in
100 743 272 819 sapientibus
286 743 353 801 viris
368 743 565 821 perfectisque,
580 745 652 802 nihil
672 753 843 820 potestesse

52 822 121 879 tale.
161 820 320 880 Damonem
341 831 369 880 et
389 822 561 889 Phintiam*
578 822 783 899 Pythagoreos,
804 822 844 880 se·

52 909 121 958 runt
142 899 198 958 hoc
219 901 313 958 animo
335 901 407 958 inter
426 918 458 957 se
479 900 576 967 titisse,
597 911 636 968 ut,
658 919 841 958 cumeorum
889 941 891 944 -

53 979 135 1036 alteri
144 977 303 1055 Dionysius
316 990 450 1056 tyrannus
463 978 538 1036 diem
547 980 625 1035 necis
637 978 842 1048 destinavisset,

53 1067 85 1114 et
98 1059 133 1124 is,
149 1058 301 1130 quimorti
323 1057 449 1116 addictus
469 1053 554 1125 esset,
570 1076 675 1132 paucos
697 1058 752 1114 sibi
772 1056 843 1124 dies,

53 1135 356 1199 commendandorum
369 1155 484 1193 suorum
500 1153 609 1202 caussa,
624 1135 842 1213 postulavisset3

52 1233 105 1272 vas
119 1215 208 1272 factus
222 1219 281 1289 esti
300 1215 369 1272 alter
388 1215 449 1291 ejus
463 1214 601 1282 sistendi3
621 1224 662 1281 ut,
677 1215 703 1271 si
722 1214 769 1271 ille
783 1232 841 1272 non
926 1281 933 1290 .

53 1294 225 1360 revertisset,
245 1291 422 1352 moriendum
442 1302 518 1350 esset
538 1294 604 1369 ipsi.
644 1293 702 1359 Qui
722 1311 787 1351 cum
808 1291 844 1349 ad

54 1371 131 1430 diem
146 1391 176 1429 se
190 1374 353 1449 recepisset,
369 1371 519 1429 admiratus
534 1390 632 1429 eorum
649 1370 734 1429 fidem
749 1381 842 1448 tyran-

53 1469 119 1515 nus,
135 1452 243 1529 petivit,
258 1460 290 1509 ut
303 1469 334 1508 se
349 1450 384 1507 ad
397 1451 549 1508 amicitiam
570 1451 681 1510 tertium
703 1450 843 1508 adscribe-

52 1527 134 1588 rent.⁴
168 1529 243 1590 Cum
258 1530 342 1607 igitur
355 1529 394 1596 id,
409 1530 486 1602 quod
499 1531 567 1588 utile
581 1529 691 1588 videtur
703 1531 732 1587 in
747 1529 843 1588 amici·

53 1609 103 1677 tia,
118 1626 183 1666 cum
204 1628 248 1676 eo,
264 1607 341 1682 quod
360 1607 511 1666 honestum
532 1617 584 1675 est,
600 1619 784 1685 comparatur,
801 1609 845 1684 ja·

53 1697 116 1744 ceat
147 1688 272 1745 utilitatis
308 1688 430 1763 species,
463 1686 554 1743 valeat
581 1687 723 1744 honestas.
765 1686 841 1743 Cum
880 1688 895 1703 “

52 1776 148 1824 autem
162 1766 191 1825 in
206 1766 338 1833 amicitia,
353 1784 415 1838 quae
436 1764 556 1821 honesta
576 1783 633 1822 non
657 1773 732 1832 sunt,
747 1773 844 1840 postu·

85 1925 101 1957 ⁸
117 1921 253 1972 Phintiam.
284 1922 340 1972 'I'he
350 1921 452 1971 nemeis
463 1921 520 1969 thus
529 1919 643 1986 givenby
649 1919 779 1975 Plutarch3
793 1917 846 1983 mpi

52 1988 431 2107 salpugaslptrp‹.n{lllllpndlpyuothcrp,¹
440 1985 555 2099 Pssffi
568 1985 648 2033 Valer.
660 1984 727 2097 Mala.
738 1984 769 2033 iv.
781 1985 830 2097 [Τ

140 2071 178 2104 om
344 2068 375 2101 m.
431 2067 492 2100 omm
556 2065 773 2099 reecoaoesua.
829 2065 845 2096 o

52 2119 145 2170 deliver
156 2119 208 2168 into
215 2119 258 2168 tho
269 2135 324 2168 care
335 2134 363 2167 or
373 2117 507 2181 protection
516 2115 545 2166 of
551 2115 659 2164 another.

86 2185 98 2238 ἴ
119 2185 263 2250 Ut-foctce
272 2191 315 2232 eet.
352 2184 390 2242 Ut,
401 2182 555 2246 followedby
566 2197 582 2228 a
592 2181 650 2229 verb
661 2180 687 2229 in
697 2179 738 2229 the
754 2179 844 2228 indica

52 2251 111 2309 tire,
122 2250 214 2315 having
232 2249 339 2298 shooked
356 2249 397 2297 the
416 2248 514 2310 purists‚
530 2246 621 2294 several
633 2246 729 2306 editors,
742 2246 846 2295 widrout

53 2316 187 2380 authority,
203 2315 284 2364 would
301 2329 413 2378 expungo
437 2314 478 2361 the
495 2311 664 2376 conjunctiora:
680 2311 769 2370 others,
788 2311 846 2369 also,

54 2381 160 2431 without
179 2379 309 2444 authority,
321 2379 408 2450 indeed
424 2379 527 2428 without
546 2375 661 2442 thinking
682 2393 731 2441 any
750 2376 845 2424 besides

54 2446 120 2496 their
139 2461 195 2496 own
217 2444 316 2508 opinion
338 2459 475 2508 necessary,
495 2443 589 2506 change
609 2449 652 2501 cat,
668 2441 720 2492 into
739 2443 778 2490 sit.
811 2443 846 2489 At

53 2511 149 2577 length,
160 2513 192 2576 by
211 2511 252 2558 the
270 2517 319 2558 two
336 2509 384 2558 last
401 2510 497 2567 editors,
508 2509 549 2556 the
567 2513 618 2555 text
628 2506 650 2555 is
668 2506 788 2562 restmed3
802 2507 846 2553 but

54 2577 106 2626 this
123 2592 226 2641 passage
235 2576 257 2624 is
267 2575 389 2623 rockoned
400 2591 491 2638 among
501 2573 608 2621 Cicero’s
617 2571 777 2621 Anacolutha.
793 2568 846 2617 Cri·

54 2642 102 2692 tica
115 2639 164 2691 arrd
182 2642 272 2690 editors
283 2657 324 2690 arc
343 2647 368 2688 at
378 2639 470 2701 perfect
487 2639 575 2702 liberty
586 2645 612 2686 to
626 2637 682 2700 give
699 2636 766 2685 what
783 2641 845 2682 term

54 2709 115 2773 they
127 2707 208 2770 please
225 2713 251 2756 to
268 2705 333 2754 their
351 2704 459 2753 author’s
476 2704 560 2751 modes
573 2703 602 2750 of
615 2700 787 2757 construction,
798 2699 845 2746 arrd

55 2773 124 2822 what
135 2771 199 2821 form
209 2772 251 2820 the

55 2839 127 2888 rated
139 2846 229 2902 among
239 2788 308 2886 them
318 2837 363 2884 has
374 2851 423 2898 any
435 2833 508 2897 right,
519 2833 601 2882 unless
613 2831 681 2878 there
691 2830 721 2878 be
732 2827 847 2878 manifest

55 2919 131 2963 error,
142 2908 168 2952 to
179 2903 274 2952 msddle
284 2901 345 2952 with
356 2900 397 2950 the
408 2906 465 2948 text

301 2786 357 2820 ease
369 2776 394 2817 to
405 2769 467 2818 their
479 2783 550 2824 own3
566 2769 610 2816 bot
620 2771 663 2813 not
673 2766 714 2814 the
725 2769 789 2812 most
799 2763 846 2812 ele.
862 2783 864 2800 ·
932 2789 934 2796 ·
