1896 3220
335 199 394 248 ura.
404 199 423 248 1.
440 197 511 248 car.
521 199 584 248 xiv.
814 201 853 256 45
929 191 930 242 t

67 341 117 402 sed
131 341 208 400 fraus
223 339 288 401 odio
297 341 382 419 digna
395 343 511 420 majore.
551 341 653 401 Totius
663 349 755 400 autmu
767 339 855 418 injus-

67 421 227 480 titioe'nulla
247 421 407 498 capitalior*
421 433 473 489 est,
489 439 571 494 quam
592 439 699 490 eorum,
715 420 773 493 qni,
788 437 853 476 curn

67 501 194 558 maxime
213 501 319 565 fallunt,
335 499 364 556 id
379 509 472 576 agunt,
488 509 518 557 ut
539 501 591 556 viri
613 501 680 558 boui
700 517 764 557 esse
778 497 854 555 vide·

67 577 174 640 antur.†
211 578 256 644 De
266 579 376 655 justitia
388 579 456 635 satis
471 577 636 637 dictumest.

69 734 161 793 CAP.
183 734 264 794 XIV.
310 731 390 805 Quid
401 733 433 794 in
443 733 615 794 liberalitate
629 733 790 796 cauendam
803 731 856 794 ait.

108 891 272 959 Dnmcnrs,
287 901 318 948 nt
337 901 395 949 erat
415 892 602 968 propositum,
616 891 650 950 de
671 891 858 950 beneficentia

70 989 102 1028 ac
116 971 279 1028 liberalitate
300 969 421 1037 dicatum
443 988 498 1041 qua
518 970 631 1041 quidem
652 969 723 1028 nihil
746 979 791 1027 est
809 987 857 1027 na-

69 1063 138 1107 turae
151 1047 309 1126 [bominis]
323 1047 576 1106 accommodatius:
598 1048 648 1105 sed
659 1048 743 1106 habet
755 1047 857 1104 multas

68 1129 225 1186 cautiones.
265 1125 427 1184 Videndum
442 1135 485 1182 est
498 1126 574 1183 enim
586 1127 719 1203 primum,
734 1143 769 1182 ne
784 1125 859 1182 obsit

68 1207 240 1282 benignitas,
255 1215 284 1262 ct
299 1205 334 1262 iis
356 1205 437 1281 ipsis,
453 1204 555 1276 quibus
579 1205 700 1281 benigne
720 1203 859 1262 videbitur

69 1284 144 1352 ficri,
158 1293 188 1341 et
200 1284 315 1342 ceteris:
337 1282 448 1351 deiude,
463 1301 499 1340 ne
522 1283 613 1360 major
634 1283 790 1359 benignitas
810 1281 857 1350 sit,

70 1381 156 1436 quam
178 1362 339 1420 facultates:
361 1371 431 1429 tum,
455 1371 486 1419 ut
506 1381 559 1438 pro
586 1362 734 1439 diguitatess
755 1362 858 1434 cuique

70 1443 217 1500 tribuatur.
258 1440 292 1498 Id
306 1441 382 1498 enim
397 1449 441 1498 est
456 1441 572 1517 justitie
586 1441 809 1508 fundamentum,
824 1437 860 1496 ad

71 1539 158 1593 quam
180 1520 241 1577 baec
265 1517 409 1578 reserenda
435 1529 501 1577 sunt
524 1521 629 1578 omnia.
671 1519 746 1577 Nam
768 1513 879 1590 etqui'

72 1599 262 1674 gratificantur
275 1598 408 1674 cuipiam,
424 1597 499 1670 quod
511 1599 586 1656 obsit
598 1599 649 1667 illi,
664 1598 710 1655 cui
724 1596 860 1674 prodesse

74 1675 180 1754 [velle]
191 1677 345 1745 videantur,
356 1695 412 1734 non
421 1677 550 1744 benefici,
559 1695 652 1750 neque
662 1676 802 1744 liberales,
809 1672 860 1732 sed

73 1755 227 1830 perniciosi
238 1765 423 1814 assentatores
433 1753 579 1832 judicandi
592 1764 674 1812 suut:
696 1763 726 1810 et
738 1754 786 1826 qui
797 1752 860 1810 aliia

74 1846 187 1902 nocent,
197 1844 229 1893 ut
239 1835 269 1893 in
283 1835 353 1892 alios
366 1834 495 1892 liberales
509 1833 575 1900 sint,
585 1834 615 1891 in
624 1831 727 1906 ‚eadem
741 1841 808 1890 suut
820 1831 862 1888 in·

70 1912 207 1988 justitia,§
222 1923 254 1972 ut
266 1913 291 1971 si
304 1915 426 1972 insuam
439 1929 499 1970 rem
519 1910 621 1979 alienal
637 1917 810 1968 convertant.

106 2070 122 2102 ⁸
134 2067 423 2128 Talin—capitalior.
437 2069 515 2116 Mirus
523 2068 638 2130 loquendi
649 2066 751 2123 modun
767 2077 813 2126 pro
824 2061 862 2114 tu·

69 2131 174 2196 jttttilt'ae
186 2135 283 2182 nullum
301 2148 376 2194 genua
386 2137 418 2180 ert
430 2131 574 2196 capitaliur5
589 2133 627 2179 vel
645 2129 715 2178 nulla
734 2127 860 2193 injustitie

74 2197 163 2259 specics
181 2203 213 2246 ert
232 2196 367 2260 capitalior,
384 2204 431 2243 etc.
454 2201 491 2244 Aa
504 2197 596 2244 excidit
606 2195 713 2260 specim
733 2209 765 2240 au
779 2193 862 2258 legen·

75 2263 135 2308 dum
148 2261 344 2325 injustitiarum?
378 2260 495 2320 Scheller,
504 2263 560 2309 5227.

107 2325 120 2377 i
135 2325 274 2374 Videbatur.
292 2328 404 2391 ’Eexdrn
418 2328 462 2394 aug
471 2323 552 2374 Maria
561 2319 637 2374 tonitr
649 2319 741 2372 dicatur
753 2321 861 2387 sumpti

76 2407 147 2441 arra.
181 2390 420 2450 Fratuentium.

354 2517 514 2565 CHAPTER
529 2517 594 2588 ΧΠ.

109 2647 122 2704 t
135 2645 182 2693 Pro
194 2643 320 2706 dignitate.
336 2643 413 2692 Prout
423 2643 524 2705 quisque
533 2642 622 2705 dignus
634 2653 682 2689 est:
699 2639 828 2700 according
838 2643 861 2686 to

75 2708 307 2820 themerityeacb.
736 2762 742 2774 ·
765 2759 771 2770 ι
814 2759 820 2770 .

108 2771 164 2832 §ln
175 2787 203 2820 ea
221 2787 258 2818 ern
268 2776 323 2820 runt
339 2769 468 2834 injustitia.
501 2770 545 2818 ,dcl
563 2768 621 2816 raim
639 2765 711 2830 aquai
731 2764 864 2823 injustiam

76 2839 136 2884 thus
144 2852 165 2884 c.
174 2836 217 2882 xii.
229 2835 254 2881 in
267 2835 325 2882 vitio
336 2849 398 2882 etse.

107 2901 120 2958 ΙΙ
133 2899 229 2947 Aliena
246 2899 383 2946 Numerone
396 2895 470 2945 MSS.
480 2897 537 2961 gire
554 2891 668 2948 alienam,
679 2884 758 2933 wbich
771 2881 841 2928 Bishr

75 2965 173 3014 Pertrcc
183 2964 232 3010 aud
246 2961 344 3010 Ernesti
354 2963 443 3021 prefer.
822 2967 825 2971 ·
