1882 3216
260 185 326 236 LlB.
344 187 364 236 1.
397 187 472 241 CAP·
489 187 604 238 XXXVI.
779 195 835 250 109

36 328 136 398 Status,
152 332 293 396 incessus,
317 333 420 400 sessio,
442 335 615 402 accubitim*
629 335 733 405 vultus,
748 335 834 403 oculi,

20 447 23 456 ·
36 426 164 468 manuum
183 421 287 478 motus,
303 421 418 469 teneant
429 413 498 470 illud
510 413 654 474 denorum.

71 489 183 555 Quibus
197 491 321 547 iurabas
336 490 393 549 duo
416 492 539 550 maxime
554 503 620 552 sunt
633 493 783 571 fugienda;
797 511 834 552 ne

35 568 98 638 quid
112 567 305 627 effeminatum
321 579 369 628 aut
387 572 483 640 molle,
499 581 527 629 et
541 591 576 630 ne
591 573 658 645 quid
672 573 773 632 durum
788 583 836 632 aut

35 647 167 728 malleum
182 649 228 705 sit.
266 649 406 707 Necvero
421 651 605 709 histrionibus
620 653 835 724 oratoribusque

35 726 243 794 concedendum
258 737 311 796 est,
326 739 358 788 ut
381 729 416 786 iis
431 730 493 788 haee
513 742 578 807 apta
596 733 665 808 sint,
681 733 762 790 nobis
777 731 835 789 dis·

36 805 132 863 solnta.
175 806 360 865 Snenicorum
384 809 498 881 quidem
527 829 590 868 mos
620 819 722 868 tantam
750 811 835 869 habat

34 895 123 942 vetare
137 883 288 963 disciplina
307 888 516 955 verecundiam,
538 899 569 946 ut
588 889 618 948 in
642 904 757 946 scenam
771 890 834 948 sina

34 963 206 1040 subligaculo
226 964 343 1042 prodeat
355 967 450 1025 nemm
491 968 631 1042 Verentur
644 968 732 1036 euim,
746 985 793 1036 ne,
808 968 835 1028 ai

34 1060 86 1114 quo
113 1062 182 1101 nasu
217 1046 351 1113 evenerit,
379 1056 411 1103 ut
430 1048 558 1124 eorporis
586 1057 677 1124 partes
706 1045 834 1118 quaedam

33 1125 199 1199 aperiantur,
222 1125 393 1200 aspiciantur
420 1143 478 1187 non
492 1125 603 1183 decore.
646 1126 753 1184 Nostro
774 1125 835 1198 qui·

33 1201 93 1261 dem
105 1220 186 1261 more
198 1221 262 1262 curn
274 1205 436 1280 parentibus
448 1207 569 1280 puberes
580 1205 642 1272 filii,
652 1223 716 1263 aum
726 1203 833 1264 soceris

33 1284 126 1357 generi
141 1301 200 1340 non
220 1281 356 1341 lavantur.
398 1283 557 1343 Retinenda
577 1285 726 1362 igiturest
746 1283 833 1360 hujus

33 1361 143 1498 generi}
159 1362 338 1431 verecundia,
360 1365 515 1440 praesertim
537 1373 635 1424 natura
654 1365 717 1444 ipsa
731 1361 834 1442 magis·

32 1450 69 1500 tra
81 1451 111 1500 et
144 1459 208 1499 uae.

35 1598 125 1658 nan.
140 1597 282 1658 xxxva
304 1598 373 1658 nuo
386 1617 447 1659 esse
454 1600 690 1680 placamenta
701 1559 846 1680 generas*

67 1679 102 1737 ia
117 1678 210 1747 cultu,
225 1689 344 1747 ornatu,
367 1687 396 1739 at
408 1687 506 1759 gestu,
530 1679 603 1758 quid
616 1681 656 1739 eit
677 1679 831 1742 obseruan-

68 1757 154 1826 dum,
169 1764 198 1816 et
210 1757 303 1817 multu
316 1758 418 1838 magis
431 1760 466 1818 in
479 1759 576 1817 animi
589 1759 729 1818 motibus.

8 1939 9 1942 ¹
68 1917 141 1976 Onna
156 1926 250 1976 antem
262 1915 479 1993 pulchritudinis
494 1915 550 1974 duo
565 1935 668 1992 genera
679 1915 746 1982 sint,
761 1934 832 1989 quo·

8 2007 9 2038 ³
32 2015 92 2054 rum
107 1998 138 2054 in
154 1997 241 2054 altero
255 2007 299 2054 est
310 2009 454 2065 venustas,
470 1997 500 2054 in
515 1996 612 2064 altero,
627 1995 768 2072 dignitas;
785 2013 832 2054 ve-

31 2086 184 2143 nustatem,
210 2076 375 2134 muliebrem
398 2077 499 2134 ducere
528 2075 683 2141 debemus3
712 2073 830 2151 ‹lignita-

30 2165 96 2224 tem,
111 2153 234 2214 virilem.
277 2155 355 2232 Ergo
369 2165 398 2214 et
408 2177 428 2214 a
441 2156 532 2215 forma
544 2163 722 2214 removeatur
735 2155 832 2216 omnis

30 2235 88 2293 viro
105 2253 164 2292 non
179 2233 282 2312 dignus
297 2245 431 2293 ornatus:
447 2245 476 2294 et
489 2235 556 2292 huie
577 2235 671 2292 simile
685 2233 785 2292 vitium
799 2235 830 2294 in

30 2325 123 2390 gestu,
139 2324 275 2386 motuque
290 2325 429 2374 caveatur.
471 2315 547 2372 Nam
563 2324 592 2372 et
605 2313 753 2390 palaestrici
770 2333 831 2374 rno-

30 2405 73 2452 tus
89 2411 171 2470 saepe
186 2405 253 2450 sunt
267 2393 423 2452 odiosiares
436 2413 445 2461 ;
460 2404 490 2450 et
503 2393 672 2456 lu'strionum
687 2411 745 2452 unu
759 2393 830 2452 nulli

28 2483 126 2549 gestus
142 2473 232 2548 inepti
244 2491 304 2534 non
319 2483 419 2531 vacant
432 2473 609 2532 offensione:
624 2483 653 2532 et
667 2473 698 2531 in
711 2481 830 2546 utroque

27 2571 143 2628 genere,
166 2571 229 2624 quae
259 2562 325 2610 sunt
349 2563 423 2611 recta
443 2563 471 2610 et
492 2553 643 2629 simplicia,
671 2550 827 2611 laudantur.

56 2711 220 2764 *Aemabitia
253 2715 293 2763 Al.
309 2695 663 2774 mauhitatmand'ueeubatio.
695 2711 830 2762 Thedaun·
899 2753 900 2756 ,

27 2796 82 2830 rous
94 2787 199 2857 pastura
216 2781 274 2830 here
285 2781 482 2838 recommends&
496 2781 520 2856 is
531 2778 654 2830 doubuess
670 2778 748 2852 intbe
759 2773 830 2822 mode

25 2846 189 2966 {offlam
205 2863 238 2896 on
249 2863 266 2896 a
277 2847 355 2942 noudp
373 2854 399 2896 at
410 2847 553 2904 ursel-tuma,
564 2861 591 2894 as
608 2841 729 2908 praetued
745 2836 778 2904 by
789 2837 830 2887 the

420 2982 456 3034 10
