1896 3220
106 186 140 240 14
387 175 434 224 uu
451 172 604 224 orrrcrrs.

82 319 183 382 'seriis
204 319 323 395 negotiis
351 319 482 391 curisque
502 317 594 382 vacui,
616 325 676 374 urm
697 331 818 373 avemus
842 315 890 376 sll-

103 398 169 473 quid
191 397 294 464 videre,
314 397 420 466 andire,
443 415 475 454 ac
495 395 619 453 discere:
640 394 890 470 cognitionemque
933 455 934 466 ,

103 495 195 537 rerum
210 486 257 533 aut
269 476 449 542 occultarum,
465 485 511 532 aut
530 473 745 540 admirabilium,
760 473 794 530 ad
808 476 890 535 beate
931 471 934 488 ¹

104 554 254 630 vivendum
269 555 454 612 necessariam
475 553 614 611 ducimus.
655 551 704 608 Ex
717 569 772 624 quo
788 553 891 630 intolli-

104 636 187 712 gitur,
202 632 276 705 qnod
291 651 398 696 venum,
413 633 547 708 simplex,
569 632 765 702 sincerumque
786 632 835 700 sit,
862 633 890 691 id

104 731 168 772 esse
182 723 285 770 naturae
305 711 430 769 hominis
452 711 639 792 aptissimum.
679 709 756 766 Huic
776 712 837 768 veti
852 713 891 770 ri·

100 790 187 850 dendi
208 789 352 866 cupiditati
373 789 503 866 adjuncta
529 798 574 846 est
600 789 734 863 appetitio
760 789 890 860 quadem

104 870 287 948 principatus,
301 880 332 926 ut
346 869 453 926 nemini
474 886 570 944 parere
595 867 705 926 animus
726 867 798 924 bene
812 887 830 925 a
844 887 891 928 us·
935 897 936 902 ¹

104 959 164 1008 tura
186 947 367 1006 informatus*
387 948 463 1016 velit,
489 947 544 1005 nisi
567 946 750 1022 praecipienti,
773 955 821 1004 aut
844 947 890 1006 do·
936 958 937 964 ’

88 1029 189 1100 ,centn
203 1036 250 1084 aut
263 1027 388 1085 utilitatis
402 1045 503 1085 caussa
518 1026 595 1103 juste
615 1034 644 1082 et
662 1024 787 1101 legitime
801 1025 891 1102 impe-

104 1107 193 1166 ranti:
215 1125 252 1165 ex
265 1125 321 1180 quo
341 1105 503 1183 magnitudo
525 1104 612 1163 animi
632 1104 744 1178 exsistit
756 1103 892 1164 humana·

105 1203 223 1259 rumque
236 1184 343 1246 reruml
357 1183 521 1242 contemtio.
937 1174 938 1218 l

145 1264 172 1320 N
176 1282 209 1320 ec
225 1281 290 1320 vero
304 1262 352 1318 illa
363 1281 449 1337 parva
461 1261 505 1317 vis
526 1269 629 1319 naturae
643 1271 687 1318 est
705 1260 890 1336 rationisque,

106 1339 180 1412 quod
195 1358 282 1396 unum
292 1339 347 1402 hoc
356 1339 459 1396 animal
468 1341 561 1407 sentit,
572 1338 639 1412 quid
653 1340 691 1396 sit
703 1339 771 1397 ordo
782 1343 808 1414 :‡
823 1342 891 1414 quid

106 1419 144 1475 sit
154 1416 229 1489 quod
243 1416 357 1482 decenn
378 1418 407 1474 iu
421 1418 500 1474 l'actis
515 1417 652 1490 dictisque
667 1418 715 1491 qui
729 1418 766 1475 sit
780 1419 892 1478 modus.
938 1390 939 1466 l

106 1496 203 1567 ltaque
227 1513 324 1553 eorum
348 1496 485 1572 ipsorum,
501 1515 563 1569 quae
583 1508 698 1572 aspectu
722 1497 890 1566 sentiuntur,

108 1575 214 1632 nullum
229 1573 304 1631 aliud
321 1575 422 1632 animal
444 1575 690 1651 pulchritudinem,
706 1587 890 1645 venustatem,

107 1652 329 1710 convenientiam
344 1654 465 1728 partium
485 1655 580 1712 sentit.
619 1654 710 1719 Quam
732 1655 893 1714 similitudi·
939 1606 940 1696 l

108 1749 172 1788 nem
187 1744 284 1788 natura
306 1731 431 1805 ratioque
446 1734 479 1790 ab
500 1734 589 1790 oculis
610 1733 644 1790 ad
665 1733 789 1790 animum
805 1745 893 1791 trano·

107 1809 208 1879 serens,
231 1809 319 1868 multo
341 1812 425 1870 ctiam
447 1812 537 1888 magis
558 1811 803 1888 pulchritudinem,
826 1825 893 1872 cort·

139 1969 153 1999 ⁸
172 1969 329 2033 Insnrmclus.
346 1969 405 2016 This
417 1975 478 2014 term
489 1968 508 2013 is
517 1969 601 2026 taken,
612 1975 655 2013 not
666 1968 728 2014 from
741 1977 896 2030 preceptora,

107 2033 150 2080 bnt
162 2033 224 2078 from
235 2033 276 2080 tire
289 2039 399 2092 statuery
411 2045 439 2077 or
451 2033 521 2076 other
530 2032 607 2078 artirt.
640 2031 773 2095 insumere
785 2047 893 2094 appears

107 2102 133 2141 to
145 2098 206 2141 liure
215 2097 256 2141 tlte
265 2109 333 2142 seme
343 2109 413 2140 sense
423 2108 450 2140 as
459 2095 500 2140 tlre
509 2095 614 2156 original
625 2099 691 2153 verb,
693 2096 811 2158 sermore.
840 2098 892 2146 .c0·

109 2158 216 2217 lumellu,
226 2159 268 2204 lib.
279 2171 308 2205 rr.
328 2159 345 2186 “
355 2156 489 2205 Sarmentis
506 2172 631 2205 connexus
641 2160 713 2206 veluti
732 2160 797 2207 trinis
817 2159 894 2208 insor-

110 2221 253 2268 monitorio
271 2235 326 2267 eam
343 2221 530 2269 crassitudinem
541 2238 618 2282 quum
630 2223 707 2269 solnm
724 2224 795 2272 fossae
815 2226 893 2283 possit

109 2294 228 2348 augustan,
239 2285 309 2344 quasi
321 2287 532 2332 accommodatam
544 2294 728 2346 coartatamque
739 2301 837 2346 capere.

173 2348 203 2395 Ut
213 2349 265 2394 inus
277 2357 314 2395 est
325 2363 395 2408 certe,
408 2349 485 2396 mollis
497 2351 634 2409 cedensque
643 2357 759 2410 sequatur

205 2411 231 2459 Si
243 2413 327 2458 doctos
339 2412 437 2473 digitos,
441 2412 560 2474 jussaque
571 2415 614 2460 tint
623 2427 692 2474 opus,

172 2475 205 2523 Et
217 2489 281 2522 nnnc
293 2477 407 2522 informet
416 2477 531 2535 Martem,
542 2486 685 2536 castumque
697 2478 844 2539 Minervam,

204 2539 275 2586 Nunc
287 2540 406 2586 Venerem
418 2539 527 2600 effingat,
535 2555 599 2586 nunc
612 2541 712 2588 Veneris
725 2545 853 2602 puemm.”

108 2602 211 2653 mistus
221 2604 278 2651 bene
289 2618 305 2650 o
315 2609 404 2652 acturo
414 2603 558 2680 insumatur
566 2605 614 2650 will
622 2606 742 2653 therefore
754 2619 836 2664 mean,
845 2613 893 2656 cest

110 2665 137 2716 in
148 2681 164 2714 s
174 2666 243 2715 noble
254 2666 344 2713 mould.

142 2734 153 2784 t
170 2731 342 2779 Barcanorum
357 2743 445 2778 renum.
465 2729 501 2790 By
512 2731 611 2777 themis
628 2739 719 2792 meant,
738 2734 804 2780 sust
822 2735 894 2784 omer

112 2792 600 2922 “t'unruutuuurr

239 2893 245 2906 .
383 2892 390 2918 ,
603 2889 610 2904 .
