1890 3224
370 211 417 258 DE
435 209 591 258 ortuense
713 231 729 262 ·.

182 515 185 522 “
240 508 329 567 cnP.
350 506 489 566 XXXIV.
531 459 721 587 Epilogus(
767 473 771 480 .
820 483 823 491 Ι

112 671 312 730 Oouunnnuus
323 671 406 748 igitur
417 671 446 728 in
460 689 558 746 puuca.
572 643 659 729 Nam
668 673 702 748 pt
711 673 859 732 utilitatem

71 751 177 810 nullam
192 769 256 807 esso
267 749 424 813 docuimus,
440 767 502 820 quae
514 750 654 807 honestati
665 761 743 809 esset
753 763 861 812 contra·

71 831 123 897 riu,
138 830 181 887 sic
194 847 309 886 omnem
323 828 493 903 voluptutem
508 827 627 885 dicimus
642 830 782 888 honestati
798 824 860 888 esso
924 865 933 892 i

72 908 248 966 contrariam.
280 907 345 972 Quo
357 907 445 981 magis
457 906 701 981 reprehendendos
714 908 861 986 Callipho·

72 1005 139 1045 nem
160 996 188 1043 et
205 983 621 1060 Ὶ1111101111111111111111111110,(1111
642 1005 673 1042 sc
694 986 860 1046 diremturos

72 1064 290 1124 controversiam
302 1071 476 1138 putaverunt,
489 1063 513 1118 si
525 1081 590 1119 cum
602 1063 748 1123 honestate
763 1068 861 1142 volup·

73 1154 167 1211 tatem,
177 1152 308 1214 tanquam
322 1159 385 1197 cum
409 1141 523 1198 homine
546 1142 693 1216 pecudem,
705 1145 861 1222 copulavis·
932 1203 933 1206 ,

73 1233 145 1279 sent.
187 1221 255 1278 Non
270 1219 369 1294 recipit
382 1219 464 1276 istam
478 1219 705 1294 conjunctionem
717 1223 860 1290 honestas,

73 1309 245 1376 aspernatur,
257 1297 374 1374 repellit.
416 1298 479 1354 Nec
493 1315 559 1354 vero
574 1298 639 1355 finis
654 1300 804 1367 bonorum,
817 1300 859 1379 [et

73 1375 227 1453 malorum]
240 1377 288 1446 qui
302 1374 424 1450 simplex
438 1393 501 1432 esse
512 1375 603 1444 debet,
615 1396 651 1434 ex
663 1377 860 1437 dissimillimis

72 1456 155 1512 rebus
175 1454 288 1510 misceri
308 1462 337 1508 et
358 1453 505 1526 temperari
529 1464 631 1528 potent,
672 1457 730 1513 Sed
752 1457 786 1515 de
807 1459 859 1516 hoc

74 1531 186 1611 (magna
200 1531 275 1586 enim
291 1547 334 1586 res
351 1527 405 1606 est)
418 1529 474 1586 alio
486 1531 549 1589 loco
560 1533 583 1601 ;†
596 1529 733 1609 pluribus.
775 1536 859 1594 Nunc
928 1523 933 1544 ⁴

74 1609 108 1667 ud
123 1607 309 1686 propositum.
676 1672 679 1678 ,

112 1687 205 1753 Quem
230 1685 264 1744 ad
288 1685 404 1744 modum
430 1687 523 1763 igilur,
549 1690 707 1762 siquando
732 1712 775 1757 ea.
799 1708 861 1764 quoe

71 1765 180 1824 videtur
206 1766 322 1833 utilitas,
345 1765 487 1823 honestati
514 1779 659 1843 repugnat,
683 1769 864 1846 dijudicanda

72 1843 189 1913 roseit,
211 1845 278 1901 satis
303 1853 346 1900 est
370 1861 454 1919 supra
475 1844 655 1920 disputatum.
696 1849 747 1908 Sin
768 1863 862 1908 autem

73 1925 199 1999 speciem
219 1922 345 1980 utilitatis
366 1922 601 2000 etiam'voluptas
620 1925 723 1984 habere
743 1930 863 1999 dicetur,

73 2003 150 2059 nullu
173 2011 266 2078 potest
289 2018 353 2058 csse
378 2001 404 2056 ei
431 2018 493 2057 cum
520 2002 664 2060 honestate
690 2008 864 2083 conjunctio.

75 2079 152 2138 Nam
172 2089 203 2136 ut
222 2080 373 2137 tribuamus
394 2077 500 2150 aliquid
524 2081 667 2157 voluptati,
689 2086 864 2148 condimenti
925 2125 934 2162 e

74 2156 191 2214 fortusse
210 2177 268 2215 non
281 2157 362 2225 nihil,
377 2157 492 2214 utiltatis
506 2169 580 2216 certe
594 2161 682 2234 nihil‡
694 2163 818 2224 habebit.

112 2235 238 2294 Habesa
257 2246 334 2313 patre
355 2239 474 2303 munus,'
483 2237 580 2295 Marce
601 2237 652 2307 fili,
667 2260 731 2299 mea
744 2245 862 2316 quidem

320 2501 484 2553 cunnum
499 2503 612 2556 11111111.
635 2567 638 2574 ‚

104 2648 119 2678 *l
136 2647 170 2695 Et
182 2647 365 2695 Dinomachum.
393 2645 474 2696 These
483 2650 646 2714 philosophers
655 2653 685 2702 of
690 2655 731 2705 the
738 2657 865 2722 Cyrenaic

72 2708 155 2757 school
167 2712 251 2759 united
265 2712 306 2758 the
324 2711 391 2766 Stolo
408 2713 456 2758 und
473 2712 611 2776 Epicurean
622 2725 707 2779 tcnets,
718 2722 751 2786 by
762 2724 865 2793 placing

72 2772 113 2818 the
125 2788 249 2822 summum
261 2777 359 2832 bonum,
371 2777 397 2825 in
407 2776 485 2826 virtue
493 2779 577 2842 joined
589 2782 648 2831 with
660 2785 777 2847 plcusure.

104 2833 117 2881 †
134 2835 191 2882 Alio
202 2835 257 2885 loco.
290 2838 321 2885 In
332 2838 371 2887 his
383 2841 487 2898 necnee,
500 2843 537 2889 De
549 2845 658 2896 Finibus.

136 2896 208 2946 Nihil.
242 2900 364 2952 Imitutrix
376 2905 440 2963 boni,
451 2905 702 2978 voluptus-f-chg.
712 2914 729 2963 i.
741 2915 779 2965 17.
801 2915 803 2922 '
