1890 3224
31 194 33 202 ’
101 198 161 256 276
385 197 434 245 ne
451 195 605 244 oraretis.
931 205 935 236 ε

102 357 161 397 non
182 357 246 398 esre
260 340 291 398 in
304 356 338 396 aa
359 339 483 407 civitate,
497 357 561 412 quae
583 338 671 397 libera
692 338 756 405 fuit,
772 357 892 412 qusque

102 435 166 476 csse
180 417 288 486 debeat,
301 435 439 494 regnare3
467 416 528 485 sed,
543 418 591 490 qui
606 415 666 498 [ei]
681 417 775 476 facere
789 420 891 495 possit,

101 515 165 554 esse
187 497 275 565 utile3
304 515 360 570 qua
382 497 457 556 hunc
480 497 683 575 objurgatione,
699 507 748 554 eut
770 516 830 570 quo
843 516 892 573 po-

101 574 156 632 tina
170 575 299 634 convicio
314 597 330 634 a
344 586 419 633 tanto
442 594 534 633 errore
556 593 642 634 coner
666 575 811 634 avelleret
837 577 892 636 Po·

101 661 156 710 test
181 654 269 723 enim,
292 654 333 713 dii
362 655 543 723 immortales,
572 655 704 728 cuiquam
730 673 798 713 esse
823 655 891 713 utile

102 731 291 792 foedissimum
313 743 341 792 et
362 733 543 791 taeterrimum
567 733 749 810 parricidium
771 735 890 810 patriae:

102 811 231 882 quamvis
253 812 290 880 is,
304 812 353 887 qui
375 831 407 870 se
425 830 459 869 eo
481 811 671 880 obstrinxerit,
687 813 721 869 ab
741 813 890 890 oppressis

101 889 210 948 civibus
238 889 365 949 Parcus*
391 891 574 949 nominetur?
614 891 770 949 Honestate
807 892 892 968 igitur

100 966 247 1046 dirigenda
267 971 371 1028 utilitas
386 979 438 1036 est,
461 968 619 1043 etquidem
633 971 685 1038 sic,
701 980 731 1027 ut
744 970 809 1028 haec
822 970 889 1038 duo,

101 1049 188 1106 verbo
209 1049 282 1108 inter
294 1067 326 1106 se
348 1047 515 1126 discrepare,
530 1067 560 1106 re
579 1067 668 1106 unum
689 1067 791 1107 sonare
815 1049 890 1108 ride·

31 1137 37 1148 ¹
102 1136 192 1184 antur.
934 1163 935 1198 ,

142 1205 210 1264 Non
233 1205 333 1275 habeo,
354 1204 389 1264 ad
408 1206 486 1283 vulgi
508 1205 682 1281 opinionem,
707 1225 771 1279 quae
799 1208 890 1285 major
934 1229 935 1280 ς

99 1283 215 1351 utilitas,
227 1303 311 1357 quam
325 1285 469 1362 regnandi,
484 1303 548 1343 esse
562 1286 654 1360 possit
664 1285 687 1348 :i
706 1285 777 1343 nilril
792 1298 889 1344 contra

100 1361 226 1420 inutilius
240 1364 277 1430 ei,
292 1364 412 1436 quinon
428 1364 505 1438 juste
519 1372 686 1435 consecutus
701 1364 748 1432 sit,
763 1365 887 1431 invenio,
934 1417 935 1422 ,

100 1456 165 1496 com
179 1439 368 1498 adventatem
382 1442 455 1518 coepi
476 1460 608 1500 revocare
628 1443 775 1501 rationem.
818 1443 888 1502 Pos-

100 1526 166 1574 sunt
179 1517 255 1574 enim
268 1519 400 1590 cuiquam
413 1537 477 1576 esse
488 1521 571 1578 utiles
585 1539 712 1597 angores,
724 1521 888 1580 sollicitudi-

932 809 935 836 l

101 1613 162 1662 nes,
187 1593 280 1652 diurni
304 1606 333 1653 et
355 1599 485 1655 nocturni
511 1609 615 1668 metus,
640 1600 697 1657 vita
720 1600 887 1660 insidiarum

99 1673 344 1748 periculorumque
358 1676 543 1752 plenissima!
934 1691 935 1716 l

131 1829 268 1883 Uareno
299 1833 381 1883 Cesar
398 1833 425 1882 in
442 1835 480 1884 his
503 1833 611 1894 liietime,
628 1851 680 1884 was
699 1835 778 1884 called
794 1833 888 1885 Parcus

99 1895 204 1954 Petriae3
219 1896 281 1946 aiter
297 1899 336 1947 his
356 1901 435 1959 death,
452 1917 468 1948 a
489 1899 587 1948 column
607 1906 633 1949 to
652 1901 691 1948 his
708 1917 821 1966 memory
837 1917 889 1950 was

99 1963 312 2029 erected,bcaring
323 1965 363 2014 the
374 1981 441 2013 same
452 1965 602 2028 inscription.
634 1965 700 2015 Suet.
711 1967 774 2014 Ces.
783 1967 823 2026 76,
835 1967 873 2016 85.

131 2027 216 2078 †Noo
234 2027 292 2076 tabe
354 2031 419 2079 ussit.
452 2031 548 2079 Several
570 2030 637 2095 carly
656 2031 761 2080 editions
780 2032 818 2080 for
840 2047 889 2081 noo
934 2063 935 2104 p

99 2089 176 2150 habeo,
188 2092 248 2142 have
259 2109 307 2142 oon
317 2111 332 2142 o
348 2111 385 2144 co:
401 2103 465 2144 mest
476 2095 547 2144 MSS.
559 2098 607 2144 and
618 2113 685 2146 some
696 2097 763 2160 early
776 2096 889 2156 editions,
934 2115 935 2150 t

98 2169 164 2203 nune
180 2155 249 2214 obser
271 2158 353 2208 which
369 2160 470 2226 reading
486 2161 577 2224 Bishop
593 2161 683 2210 Pearce
699 2161 798 2224 prefers.
832 2163 888 2212 The

99 2226 202 2281 present,
222 2223 324 2284 adopted
346 2227 378 2289 by
397 2226 438 2274 thc
462 2226 620 2291 Heusingers,
643 2228 691 2276 and
710 2227 889 2288 Gcmhardia

98 2282 173 2332 found
182 2285 208 2333 in
219 2287 262 2334 but
273 2287 320 2336 few
332 2289 403 2338 MSS.
430 2291 462 2338 In
472 2291 514 2340 the
525 2308 639 2356 passages
648 2294 778 2356 compared
789 2293 851 2342 with
862 2294 889 2353 it,

99 2349 282 2400 “Nihil'habeo
297 2357 361 2415 quod
377 2371 433 2404 curn
450 2357 558 2405 amicitia
569 2357 689 2420 Scipionis
705 2374 806 2420 possum
823 2375 888 2408 com-

99 2416 206 2476 parare.''
239 2415 298 2465 Loel,
309 2418 348 2467 27.
359 2423 407 2468 and
415 2421 505 2469 “Nihil
517 2423 593 2470 habeo
604 2423 667 2485 quod
679 2439 794 2472 accusem
805 2440 888 2472 senec·
931 2457 935 2498 ἰ

98 2482 203 2537 tutem;”
219 2481 261 2530 the
272 2484 417 2546 application
426 2485 456 2532 of
466 2487 507 2534 tlre
524 2489 581 2535 verb
592 2486 675 2536 lubere
692 2488 713 2536 is
730 2496 774 2538 not
790 2490 887 2554 exactly

98 2543 198 2594 similar.
230 2546 337 2612 Though
348 2550 388 2597 the
400 2552 498 2613 general
509 2552 608 2600 meanin
637 2561 726 2602 cannot
737 2555 887 2616 bedoubtcd‚

99 2609 118 2656 Ι
122 2609 151 2658 do
157 2619 197 2658 not
205 2613 290 2660 oeccdc
299 2620 322 2661 to
333 2613 371 2660 tlte
380 2613 469 2678 vulger
477 2617 580 2680 opinion,
589 2569 666 2666 ultor
670 2617 755 2684 placeo
764 2619 886 2668 dominico

97 2673 136 2720 tlte
139 2675 203 2734 first
213 2677 241 2739 os
253 2676 343 2725 human
355 2681 520 2740 possessivum
536 2689 579 2746 yet
590 2683 630 2730 the
642 2685 809 2734 construction
820 2692 886 2734 mua

98 2736 126 2782 be
138 2739 254 2788 admitted
265 2746 290 2788 to
301 2741 329 2787 be
339 2743 445 2792 obscure.
461 2745 538 2794 What
549 2747 570 2794 is
582 2747 623 2795 the
633 2748 717 2812 ellipse
728 2751 792 2800 with
800 2749 884 2800 habco?

97 2803 327 2869 sspossiblyfidem.
360 2805 390 2852 In
401 2823 477 2872 many
488 2811 592 2860 editions
608 2813 657 2861 this
668 2820 785 2866 sentence
797 2816 884 2864 isread

97 2867 304 2932 interrogatirely;
317 2871 413 2932 poerit?
930 2895 935 2976 p
