1888 3222
59 170 114 228 190
346 171 394 218 ΒΕ
412 169 562 220 cottone.

59 312 230 390 paupertari
244 312 336 370 minoe
350 313 466 388 probato
480 312 559 376 diviti
574 311 662 372 filiam
676 309 843 369 collocaret:

59 393 150 468 “Ego
161 389 258 458 vero,'’
269 389 368 461 inquit,
380 390 453 448 malo
465 392 555 449 virum
566 391 614 462 qui
626 391 747 466 pecunia
756 401 847 466 egeat,

58 488 141 542 quem
157 469 304 543 pecuniam
318 469 487 539 quae,viro.”
529 469 586 526 Sed
606 469 729 544 corrupti
751 487 846 526 mores

58 546 254 622 depravatique
265 556 331 602 sunt
342 545 522 604 admiratione
535 547 709 625 divitiarum:
725 559 846 618 quarum

59 623 220 700 magnitudo
241 623 308 696 quid
329 623 362 681 cd
385 643 613 697 unumquemque
636 635 763 681 nostrum
782 643 847 700 per·

59 701 147 759 tinetl
187 702 270 759 Illum
290 702 407 760 fortasse
428 703 540 780 adjuvat
559 703 608 776 qui
628 703 729 762 habet:
759 721 796 760 ne
820 701 849 759 id
927 731 929 742 =

59 778 174 852 quidem
194 799 307 857 semper
317 781 329 837 τ’
347 781 397 838 sed
418 781 461 838 feo
478 783 596 857 juvare;
617 780 756 838 utentior*
777 799 849 838 sane

58 859 112 925 sit;
130 859 277 917 honestior
296 877 363 918 vcro
384 879 441 932 quo
462 858 569 917 model
610 858 739 925 Quodsi
760 859 848 916 etiem

59 936 149 994 bonus
169 939 223 996 erit
242 939 294 1004 vir,
309 957 345 996 ne
366 938 519 1013 impediant
538 937 653 1004 divitiae,
674 955 730 1009 quo
750 937 849 994 minus

55 1016 180 1092 juvetur,
219 1015 303 1076 modo
341 1035 377 1075 ne
415 1015 579 1092 adjuventzt
624 1017 716 1087 sitque
762 1033 850 1072 omne

55 1093 205 1171 judicium,
218 1113 274 1156 non
289 1114 372 1169 quam
392 1095 528 1170 locuples,
540 1093 590 1152 sed
614 1093 704 1167 qualis
727 1093 851 1165 quisque

60 1173 107 1232 sit.
147 1173 313 1232 Extremum
336 1183 427 1230 autem
449 1183 618 1248 preceptum
638 1173 668 1229 in
688 1167 849 1240 beneficiis,

61 1268 202 1328 operaque
226 1252 316 1310 denda
340 1261 392 1317 est,
417 1269 452 1308 ne
478 1251 545 1324 quid
569 1259 665 1309 contra
688 1248 852 1322 equitatem

61 1329 223 1396 contendas,
244 1347 280 1386 ne
305 1328 372 1400 quid
396 1346 447 1402 pro
472 1329 582 1405 injuria.
621 1326 852 1386 Fundamentum

62 1407 138 1462 enim
158 1415 298 1480 perpetuae
318 1405 569 1464 commendationis
590 1415 618 1463 et
636 1407 717 1463 fame
732 1414 778 1462 est
788 1405 852 1482 jus·

35 1524 40 1534 .
61 1483 129 1551 titia,
143 1483 205 1540 eine
219 1500 274 1555 que
287 1483 358 1540 nihil
371 1491 464 1558 potest
477 1503 540 1542 esse
554 1483 700 1543 laudabile.

93 1638 243 1688 *tuomum
275 1637 338 1687 This
355 1637 377 1686 is
394 1655 410 1687 e
426 1653 485 1702 very
496 1638 606 1688 doubtfiil
622 1638 732 1704 reading,
743 1639 794 1688 end
812 1637 855 1687 the
934 1643 935 1662 ¹

62 1703 211 1766 acceptetion
227 1704 254 1752 in
264 1703 344 1753 which
362 1704 402 1751 the
414 1703 488 1762 word,
500 1701 524 1751 if
536 1704 649 1768 genuine¹
661 1705 682 1752 ie
693 1710 718 1752 to
729 1705 759 1752 be
770 1703 856 1762 taken,

62 1769 95 1833 by
106 1785 138 1817 no
148 1784 233 1817 means
245 1770 315 1819 clean
348 1769 402 1816 The
418 1769 584 1830 explanatione
600 1769 673 1834 given
684 1769 717 1832 by
729 1783 855 1816 commen-

62 1839 144 1894 tatore,
156 1851 196 1884 ere
213 1836 253 1898 poi
261 1835 320 1900 plue
330 1832 448 1899 impendit
458 1831 588 1891 incultum
599 1835 653 1881 oitoe
660 1851 669 1890 ,-
686 1833 727 1896 poi
735 1831 857 1896 plumbeae

62 1901 141 1949 utitem
162 1899 196 1948 od
217 1901 291 1950 eitam
313 1897 441 1955 mendum,-
469 1899 510 1960 poi
531 1899 634 1960 majores
654 1903 766 1960 commus
782 1898 812 1944 in
829 1912 856 1945 ec
903 1934 906 1940 .

62 1965 179 2015 tuendum
196 1965 268 2029 jacit.
301 1965 332 2012 Iu
354 1981 369 2012 e
391 1963 438 2011 few
458 1960 529 2010 MSS.
552 1961 698 2025 epulantem
721 1961 749 2008 in
769 1976 857 2026 many,

103 2033 186 2089 entier,
208 2029 230 2076 is
252 2029 333 2078 found
366 2028 420 2076 The
442 2027 488 2076 lest
510 2027 611 2091 reading
632 2027 654 2076 is
676 2025 800 2088 preferred
823 2027 857 2090 by

87 2094 195 2143 ecoiolnti
205 2093 254 2144 ond
266 2092 369 2150 Pearce;
380 2093 422 2141 the
431 2098 533 2154 present,
543 2107 570 2138 ee
579 2092 652 2156 being
661 2091 736 2139 found
745 2091 773 2138 in
781 2090 857 2138 MSS.

65 2159 166 2207 deemed
177 2157 206 2206 of
211 2157 252 2204 the
264 2155 317 2205 best
328 2158 459 2220 authority,
470 2158 503 2220 by
515 2156 620 2216 Ernesti,
631 2157 654 2205 J.
666 2155 694 2204 F.
705 2156 858 2220 Heusinger,
934 2183 935 2210 1

65 2221 258 2272 endGernhurd.
291 2221 381 2272 detero
396 2227 603 2286 reswopportnoc
619 2219 859 2271 enom—divitiam
934 2233 935 2274 t

65 2295 143 2336 ctare.
175 2284 278 2333 Lae1.vi.

98 2349 196 2403 †Modo
218 2365 247 2396 ne
269 2348 391 2412 adjuvent.
429 2350 466 2400 As
487 2349 555 2398 modo
576 2357 604 2398 ot
625 2350 647 2411 ia
669 2349 796 2413 employed
819 2348 858 2397 for

67 2413 201 2472 dummodo,
213 2430 240 2460 so
256 2413 323 2462 modo
340 2430 369 2463 ne
386 2415 407 2461 is
423 2413 497 2463 found
514 2415 540 2463 in
556 2416 596 2463 the
608 2430 677 2462 sense
689 2414 719 2462 of
729 2413 859 2461 dnmmodo
934 2417 935 2436 ¹

67 2495 121 2528 non.
143 2479 218 2528 Acad.
227 2477 258 2534 Q.
265 2478 296 2526 iv.
304 2477 343 2527 43.
363 2479 458 2526 “Modo
469 2495 499 2527 ne
510 2479 633 2541 quiaillud
643 2486 695 2528 tem
706 2477 857 2527 ineruditum

29 2589 34 2597 r
68 2545 245 2605 nbsurdumque
261 2543 424 2604 respondent.”
457 2541 516 2591 Lml.
528 2545 564 2592 17.
597 2543 694 2592 “Modo
710 2558 741 2591 ne
757 2559 858 2591 summu

68 2611 190 2670 ttupitudo
201 2609 336 2668 sequntur.”
369 2607 398 2654 If
408 2606 478 2654 hehe
491 2624 506 2655 u
516 2623 574 2655 man
585 2608 616 2656 of
621 2609 706 2665 worth,
717 2607 751 2655 let
762 2613 805 2654 not
816 2607 857 2654 his

68 2673 156 2720 wenlth
167 2674 196 2718 be
205 2688 220 2719 a
230 2670 317 2717 motivo
334 2668 370 2716 for
386 2676 429 2717 not
444 2670 528 2734 niding
539 2671 599 2730 him,
607 2671 724 2737 provided
736 2671 818 2719 thetid
831 2669 858 2716 be

21 2771 28 2780 .
69 2733 302 2796 notthemotivesor
313 2731 389 2796 doing
399 2733 427 2780 it.
