1888 3222
90 214 147 268 lsc
367 201 414 252 nn
431 199 576 254 osricus

88 351 133 410 vei
147 367 198 426 spe
217 347 411 426 indigentium,
425 345 471 404 vei
491 359 589 402 eorum
603 341 652 412 qui
671 337 780 397 defensi
795 347 873 406 sunt,

89 429 198 506 gratini
221 426 298 484 Huic
309 443 377 501 ergo
390 445 409 482 c
420 422 572 500 majoribus
586 419 688 478 nostris
704 427 749 474 est
762 419 793 474 in
807 427 874 494 toge

89 505 229 584 dignitatis
243 504 412 580 principatus
432 500 523 559 datus.
561 498 668 556 Diserti
681 497 768 572 igitur
781 497 873 554 homi·

88 585 143 652 nis,
164 593 193 641 ct
211 582 308 640 facile*
326 581 486 647 laborantis,
506 576 636 651 quodque
658 576 689 632 in
711 575 811 650 patriis
832 582 875 631 est

89 661 224 729 moribus,
246 659 397 718 multorum
421 675 545 724 caussas,
567 663 596 712 et
618 672 676 712 non
701 663 826 729 gravate,
847 661 875 708 et

89 739 207 817 grstrfito
228 737 427 806 defendentis‚†
447 734 626 794 beneficiost
648 731 806 808 patrocinia
818 731 873 789 lete

87 826 192 899 patent.

128 895 304 959 Admonebat
324 911 370 954 me
389 909 445 961 res,
458 899 490 950 nt
502 891 558 949 hoc
576 905 689 962 quoque
710 887 776 946 loco
790 887 874 945 inter·

88 974 254 1036 missionem
268 972 443 1046 eloquentie,
458 968 596 1027 nediosm
610 967 765 1034 interitum,
778 965 814 1024 de

88 1071 200 1114 rerem:
221 1054 384 1119 nicetem,
405 1067 441 1108 ne
454 1047 489 1106 de
502 1046 626 1123 meipso
645 1043 750 1117 aliquid
766 1043 876 1114 uiderer

88 1132 180 1206 queri,
219 1131 277 1190 Sed
289 1140 383 1189 temen
395 1127 534 1194 videmus,
543 1125 645 1196 quibus
653 1123 802 1181 exstinctis
817 1141 876 1181 orn·

90 1211 206 1276 toribus,
218 1227 302 1280 quem
317 1209 346 1265 in
367 1207 463 1282 paucis
477 1221 555 1280 spes,
570 1213 672 1275 quanto
687 1202 717 1258 in
736 1200 875 1277 pauciori·

89 1288 142 1344 bus
163 1287 289 1352 facultas,
304 1302 387 1357 quam
409 1283 439 1340 in
461 1282 556 1340 multis
571 1282 609 1338 sit
630 1280 754 1338 sedecia.
799 1277 874 1337 Onm

90 1373 183 1420 nutem
202 1380 301 1420 omnes
322 1380 379 1418 non
401 1361 519 1436 possint,
534 1377 570 1417 ne
585 1359 664 1417 multi
687 1357 816 1430 quidem,
831 1368 877 1416 out

84 1440 158 1518 juris
178 1440 259 1515 periti
281 1456 354 1504 esse,
369 1446 417 1494 ant
437 1437 555 1506 diserti;
580 1434 647 1496 licet
669 1447 765 1494 temen
791 1455 877 1512 opera

89 1515 224 1592 prodesse
237 1516 343 1582 multis,
357 1515 493 1574 beneficia
507 1525 660 1591 petentem,
674 1515 876 1575 commendam·

122 1690 137 1722 ⁸*
153 1687 244 1738 Facile.
279 1687 415 1765 thttngly.
447 1689 484 1738 As
492 1688 519 1738 in
530 1685 576 1752 Ep.
588 1687 612 1738 ii.
624 1689 661 1738 16.
673 1689 695 1738 6.
726 1687 826 1745 “Quod
837 1703 877 1737 eu·

87 1758 139 1802 tem
150 1753 177 1803 in
188 1754 316 1806 merismu
328 1754 442 1804 fecilhme
453 1753 648 1804 sumen-Facto
659 1753 802 1814 mimantis,
812 1769 877 1819 orne·

87 1816 166 1880 πόνου,
176 1819 204 1884 os
210 1835 244 1869 an
251 1819 402 1869 industriose
412 1835 477 1868 mcc.

122 1884 132 1936 i
151 1885 264 1934 Gratuita
280 1883 438 1948 defendentis.
470 1881 509 1933 To
520 1881 561 1932 eid
576 1875 626 1932 this
642 1881 878 1943 disinterestednsss,

33 2007 36 2014 y
89 1947 131 1998 the
141 1949 244 2000 Cinciam
254 1949 310 2010 lew,
320 1950 351 1998 A.
362 1949 392 1998 U.
403 1949 431 1998 C.
442 1949 496 2008 550,
507 1947 609 2012 directly
624 1947 724 1997 inhibits
732 1963 805 1998 z-ne
816 1951 879 2012 quis,

89 2013 122 2062 ob
132 2030 232 2064 censum
247 2015 371 2072 orandam,
382 2014 510 2076 pecuniam
521 2013 641 2062 donumve
652 2012 763 2076 ecoipist
797 2013 878 2064 Tacit

88 2079 179 2128 Annei.
190 2079 223 2128 xi.
233 2078 256 2126 5.
288 2078 343 2126 'l'he
354 2078 426 2140 pstrii
434 2091 521 2136 mores,
532 2078 580 2126 end
588 2078 629 2128 the
636 2077 740 2127 Cincisn
751 2077 809 2138 lew,
817 2079 878 2129 ecch

89 2141 111 2192 it
125 2156 205 2192 seems
220 2142 271 2190 fuiti
317 2143 344 2190 in
359 2141 438 2202 edent,
448 2143 537 2207 during
552 2143 594 2191 tho
610 2143 662 2192 rule
673 2142 703 2192 of
713 2143 854 2208 Augustum,
864 2161 879 2192 e

89 2205 188 2270 penalty
199 2206 229 2255 of
239 2205 263 2254 so
302 2205 341 2253 old
351 2207 393 2255 the
408 2207 445 2255 feo
456 2207 564 2257 received
579 2206 616 2256 for
632 2207 752 2282 pleeding‚
763 2224 817 2257 wes
833 2209 879 2258 im.

90 2270 163 2332 posed
174 2286 205 2318 on
214 2269 255 2318 the
266 2269 378 2320 receiver.
410 2271 483 2320 Dion.
493 2272 533 2320 liv.
544 2270 598 2319 5³3.
630 2271 684 2321 The
691 2273 811 2337 pohcyof
816 2275 879 2323 such

89 2333 237 2408 reguletions
248 2333 270 2382 is
281 2351 307 2382 es
318 2335 482 2396 questioneble
493 2351 519 2384 ns
530 2335 593 2384 their
606 2337 702 2402 justice.
735 2336 820 2412 Everp
831 2339 880 2387 liti-

87 2396 511 2528 ffittii‘t‘tttttttttt
521 2401 881 2530 tttssttttdttffltst

89 2527 147 2591 peid
157 2532 200 2577 not
210 2526 236 2575 in
247 2540 343 2591 money,
353 2527 384 2578 ho
395 2527 437 2576 did
447 2531 480 2594 by
491 2530 584 2594 blindly
594 2531 719 2596 eugeging
729 2530 768 2579 his
777 2539 881 2595 support

89 2593 139 2642 end
149 2592 189 2642 his
204 2591 311 2656 suffregc
321 2598 347 2640 to
357 2592 396 2642 his
407 2599 501 2654 petron,
511 2609 544 2642 on
555 2595 587 2644 nil
598 2596 730 2644 occasions.
763 2595 794 2644 In
806 2597 879 2646 order

90 2657 196 2730 tpevoid
206 2655 247 2704 the
263 2671 410 2717 appearance
421 2657 451 2704 of
462 2659 607 2721 corruption,
620 2661 661 2709 the
671 2659 769 2710 Romen
780 2660 879 2712 institn-

90 2724 155 2768 nens
163 2719 321 2768 neoessitsoed
332 2721 380 2768 end
388 2721 514 2774 sedditicd
525 2725 670 2787 corruption,
678 2724 708 2772 of
714 2740 730 2772 e
740 2731 827 2776 nature
836 2725 879 2778 tho

91 2789 155 2833 most
164 2783 263 2848 genertd
273 2782 320 2832 mid
331 2790 395 2834 most
405 2785 542 2850 doricum
552 2787 579 2836 in
589 2805 605 2838 e
615 2787 666 2839 free
676 2795 745 2841 stete

815 965 875 1041 ψ
