1888 3222
94 201 150 260 luc
370 197 418 248 ua
436 193 588 246 camena

36 501 38 510 ,
93 441 181 500 clP.
198 439 294 500 XXII.
328 437 522 498 Abstinentia
546 431 697 513 eacmpla:
724 431 880 512 rempubli-

131 539 196 578 cam
217 518 342 596 quastui
365 517 468 577 hahere
489 524 572 592 luipo
587 523 614 572 ct
632 513 785 589 nefarium
799 529 880 570 asse:

131 597 240 657 civium
253 598 329 656 bona
342 594 508 663 adimendo,
520 591 689 674 labefactari
693 589 880 671 fundamen·

130 677 163 736 tc
175 675 347 754 reipublicae.

132 807 255 865 Lacum
270 805 433 863 Africanum
450 803 619 868 Panaima*
633 799 709 874 quod
729 799 817 858 suerit
835 800 881 858 ab·

92 886 211 945 stiuens.
252 884 327 950 Quid
339 885 367 941 ni
378 883 494 943 laudati
523 880 572 939 sed
587 882 618 938 in
632 880 679 938 illo
693 879 749 936 alia
762 879 879 955 majora.

93 963 169 1023 Laus
195 963 378 1030 abstinentia,
400 979 458 1020 nou
484 960 608 1018 hominis
630 967 674 1016 est
699 957 806 1025 solum,
830 956 880 1014 sed

94 1044 180 1101 ocimu
206 1053 364 1118 temporum
395 1040 516 1100 illorum.
571 1037 659 1096 Omni
685 1029 878 1094 Macedonum

93 1139 174 1197 gaza,
189 1140 250 1194 quae
264 1120 317 1178 suit
329 1119 462 1184 maxima,
476 1117 581 1192 potitus
596 1114 710 1173 Paullus
726 1123 836 1171 tantum
851 1115 879 1170 in

94 1201 221 1257 ararium
246 1198 371 1274 pecuniae
396 1197 514 1262 invexit,
536 1203 567 1252 ut
593 1194 676 1251 unius
701 1191 878 1267 imperatoris

55 1344 58 1350 ¹
94 1277 189 1353 prada
211 1278 299 1334 linem
320 1275 440 1332 almleril
461 1274 624 1331 tributorum
637 1271 660 1334 :l
686 1279 714 1326 at
738 1269 787 1327 hic
809 1269 880 1327 nihil

94 1353 210 1412 domum
230 1373 310 1411 suam
332 1362 432 1428 prater
450 1351 615 1409 memoriam
636 1349 760 1407 nominis
776 1349 880 1424 scmpi·
932 1379 933 1412 i

93 1441 200 1489 ternam
212 1431 319 1488 detulit.
359 1429 486 1486 Imitatus
501 1439 607 1506 patrem
619 1427 778 1494 Africanus,
790 1427 880 1484 nihilo

95 1508 271 1584 locupletior,
287 1507 457 1582 Carthagine
480 1525 587 1565 eversa.
628 1505 727 1571 Quid?
756 1505 882 1580 quiajos

94 1585 203 1662 collega
223 1585 276 1644 fuit
296 1585 326 1643 in
348 1603 476 1653 censura,
498 1585 533 1643 L.
554 1584 722 1650 Mummius,
743 1581 884 1655 numquid

95 1663 247 1740 copiosior,
276 1682 341 1723 cum
369 1664 596 1741 copiosissimam
624 1662 722 1720 urbam
757 1661 882 1719 funditus

95 1743 277 1804 sustulisscil
304 1741 414 1802 Italiam
434 1760 543 1812 ornare,
558 1760 642 1816 quam
656 1739 774 1799 domum
788 1757 880 1806 suam,

359 1916 520 1968 CHAPTER
537 1916 615 1965 xxll.

128 2026 294 2076 *Paucum
325 2026 366 2076 He
377 2024 556 2088 accompanicd,
566 2040 594 2072 aa
605 2022 716 2081 afriand,
724 2021 885 2084 ScipioAsri-
932 2056 933 2076 ,

97 2107 172 2142 uanus
183 2091 390 2155 thoyoungcr,in
407 2091 498 2139 several
508 2089 663 2154 campaigns.
694 2087 748 2135 Tho
760 2087 835 2136 latter
849 2103 886 2136 rs-

97 2156 175 2204 ceives
186 2155 249 2203 from
260 2155 402 2204 Paterculus
416 2155 466 2203 this
481 2153 542 2218 high
552 2153 707 2202 encomium:
724 2152 766 2214 qua·
776 2151 842 2201 aaliz
857 2153 885 2202 ia

97 2219 205 2268 almaini
216 2215 417 2267 laudandumaal
423 2219 494 2284 facit,
502 2225 546 2266 aut
557 2216 629 2276 dicit,
637 2225 681 2265 aaa
689 2217 773 2265 aenam.
932 2207 933 2276 l

129 2283 140 2335 i
157 2282 496 2348 Imperatoris-trilutorum.
535 2281 564 2330 L.
580 2281 697 2332 AEmilius
714 2280 817 2330 Paullus
834 2297 885 2330 was

96 2347 174 2396 father
186 2348 215 2395 of
220 2346 261 2395 tha
272 2362 382 2412 younger
393 2347 474 2408 Scipio
482 2348 570 2396 named
582 2347 608 2395 in
619 2347 660 2395 tha
671 2347 718 2395 last
725 2353 790 2405 nola,
802 2347 885 2410 adopt-

98 2413 130 2462 ad
151 2411 203 2461 iulo
219 2412 260 2460 the
280 2411 361 2473 Scipio
376 2411 469 2476 family.
501 2411 533 2460 In
551 2412 593 2461 tha
610 2411 709 2460 father’s
725 2412 838 2470 conduct,
858 2427 886 2461 aa

97 2477 185 2526 Cicero
201 2475 339 2525 astarwarda
356 2477 474 2538 observes,
491 2477 533 2525 tha
550 2480 594 2526 soii
614 2477 688 2525 found
703 2475 744 2524 the
762 2476 844 2524 model
862 2475 891 2526 oi

97 2542 321 2592 disintarestcdncss
332 2540 413 2588 which
423 2540 454 2588 he
465 2541 582 2590 followed.
614 2541 669 2590 Thc
680 2541 790 2589 Romans
801 2543 885 2606 an'oy-

97 2609 128 2656 ad
138 2607 187 2656 thia
199 2605 335 2678 exemption
346 2604 409 2653 from
419 2605 527 2653 taxation
538 2605 575 2654 for
586 2605 659 2654 about
670 2605 715 2654 125
727 2621 807 2668 yeaus,
821 2558 885 2655 liom

96 2671 138 2718 the
156 2672 215 2718 timo
233 2668 262 2717 of
274 2668 455 2731 thcu'plundcr
472 2668 503 2716 of
513 2668 658 2718 Macedonia
673 2668 750 2717 under
766 2669 886 2719 AEmilius

96 2721 204 2792 Paullus,
214 2732 276 2781 unul
293 2732 334 2780 tha
351 2733 473 2780 consulatu
484 2731 514 2780 ol'
525 2732 623 2781 Hirtius
634 2733 683 2782 and
699 2732 788 2791 Pausa,
799 2733 827 2782 in
843 2735 886 2783 tho

95 2811 156 2857 yeai·
173 2803 231 2846 ncxt
248 2795 371 2858 following
382 2795 435 2844 that
451 2796 477 2843 in
488 2795 570 2844 which
585 2797 627 2844 tho
637 2801 736 2858 presunt
746 2797 816 2845 work
833 2814 885 2848 was

96 2861 231 2920 compcsad.
263 2859 326 2908 Pluu
335 2858 361 2907 in
370 2859 471 2908 AEmilio
481 2857 572 2926 Paullo.
605 2856 666 2911 Veli.
677 2860 772 2910 Patara
784 2861 800 2908 i.
810 2861 835 2912 9.
