<?xml version="1.0" encoding="UTF-8"?>
<!DOCTYPE html PUBLIC "-//W3C//DTD XHTML 1.0 Transitional//EN"
    "http://www.w3.org/TR/xhtml1/DTD/xhtml1-transitional.dtd">
<html xmlns="http://www.w3.org/1999/xhtml" xml:lang="en" lang="en">
 <head>
  <title>
</title>
<meta http-equiv="Content-Type" content="text/html;charset=utf-8" />
  <meta name='ocr-system' content='tesseract 3.04.00' />
  <meta name='ocr-capabilities' content='ocr_page ocr_carea ocr_par ocr_line ocrx_word'/>
</head>
<body>
  <div class='ocr_page' id='page_1' title='image "./deofficiislibri04cicegoog_0284.png"; bbox 0 0 1890 3224; ppageno 0'>
   <div class='ocr_carea' id='block_1_1' title="bbox 303 208 842 268">
    <p class='ocr_par' dir='ltr' id='par_1_1' title="bbox 303 208 842 268">
     <span class='ocr_line' id='line_1_1' title="bbox 303 208 842 268; baseline 0.015 -11"><span class='ocrx_word' id='word_1_1' title='bbox 303 209 365 258; x_wconf 76' lang='lat' dir='ltr'>cis.</span> <span class='ocrx_word' id='word_1_2' title='bbox 375 209 417 260; x_wconf 87' lang='lat' dir='ltr'>lii.</span> <span class='ocrx_word' id='word_1_3' title='bbox 436 209 509 258; x_wconf 75' lang='lat' dir='ltr'>CAP.</span> <span class='ocrx_word' id='word_1_4' title='bbox 518 208 595 264; x_wconf 74' lang='lat' dir='ltr'>xvir.</span> <span class='ocrx_word' id='word_1_5' title='bbox 783 211 842 268; x_wconf 77' lang='lat'>26³</span> 
     </span>
    </p>
   </div>
   <div class='ocr_carea' id='block_1_2' title="bbox 48 349 851 2237">
    <p class='ocr_par' dir='ltr' id='par_1_2' title="bbox 48 349 851 1374">
     <span class='ocr_line' id='line_1_2' title="bbox 49 349 841 430; baseline 0.003 -24"><span class='ocrx_word' id='word_1_6' title='bbox 49 366 103 406; x_wconf 85' lang='lat' dir='ltr'>nes</span> <span class='ocrx_word' id='word_1_7' title='bbox 116 369 125 417; x_wconf 75' lang='grc' dir='ltr'><strong>ς</strong></span> <span class='ocrx_word' id='word_1_8' title='bbox 140 349 255 408; x_wconf 91' lang='lat' dir='ltr'>interior</span> <span class='ocrx_word' id='word_1_9' title='bbox 263 369 371 419; x_wconf 90' lang='lat' dir='ltr'>eorum,</span> <span class='ocrx_word' id='word_1_10' title='bbox 383 353 433 425; x_wconf 89' lang='lat' dir='ltr'>qui</span> <span class='ocrx_word' id='word_1_11' title='bbox 443 352 570 428; x_wconf 85' lang='lat' dir='ltr'>ejusdem</span> <span class='ocrx_word' id='word_1_12' title='bbox 580 351 743 430; x_wconf 82' lang='lat' dir='ltr'>gentissunt</span> <span class='ocrx_word' id='word_1_13' title='bbox 754 370 762 420; x_wconf 82' lang='lat'>3</span> <span class='ocrx_word' id='word_1_14' title='bbox 778 369 841 428; x_wconf 87' lang='lat' dir='ltr'>pro·</span> 
     </span>
     <span class='ocr_line' id='line_1_3' title="bbox 48 428 840 508; baseline 0.003 -24"><span class='ocrx_word' id='word_1_15' title='bbox 48 428 128 503; x_wconf 90' lang='lat' dir='ltr'>prior</span> <span class='ocrx_word' id='word_1_16' title='bbox 139 447 246 495; x_wconf 88' lang='lat' dir='ltr'>eorum,</span> <span class='ocrx_word' id='word_1_17' title='bbox 262 431 309 502; x_wconf 90' lang='lat' dir='ltr'>qui</span> <span class='ocrx_word' id='word_1_18' title='bbox 325 431 452 508; x_wconf 86' lang='lat' dir='ltr'>ejusdem</span> <span class='ocrx_word' id='word_1_19' title='bbox 463 432 592 489; x_wconf 83' lang='lat' dir='ltr'>civitatis.</span> <span class='ocrx_word' id='word_1_20' title='bbox 613 431 709 503; x_wconf 78' lang='lat' dir='ltr'>Itaque</span> <span class='ocrx_word' id='word_1_21' title='bbox 718 430 840 507; x_wconf 84' lang='lat' dir='ltr'>majores</span> 
     </span>
     <span class='ocr_line' id='line_1_4' title="bbox 49 506 841 586; baseline 0.006 -25"><span class='ocrx_word' id='word_1_22' title='bbox 49 506 126 564; x_wconf 87' lang='lat' dir='ltr'>aliud</span> <span class='ocrx_word' id='word_1_23' title='bbox 144 509 193 584; x_wconf 90' lang='lat' dir='ltr'>jus</span> <span class='ocrx_word' id='word_1_24' title='bbox 208 511 343 582; x_wconf 79' lang='lat' dir='ltr'>gentium,</span> <span class='ocrx_word' id='word_1_25' title='bbox 356 510 432 568; x_wconf 84' lang='lat' dir='ltr'>aliud</span> <span class='ocrx_word' id='word_1_26' title='bbox 441 511 489 586; x_wconf 90' lang='lat' dir='ltr'>jus</span> <span class='ocrx_word' id='word_1_27' title='bbox 509 511 593 568; x_wconf 84' lang='lat' dir='ltr'>civile</span> <span class='ocrx_word' id='word_1_28' title='bbox 606 528 670 568; x_wconf 87' lang='lat' dir='ltr'>esse</span> <span class='ocrx_word' id='word_1_29' title='bbox 684 510 841 567; x_wconf 89' lang='lat' dir='ltr'>voluerunt.</span> 
     </span>
     <span class='ocr_line' id='line_1_5' title="bbox 50 584 842 665; baseline 0.001 -22"><span class='ocrx_word' id='word_1_30' title='bbox 50 584 136 650; x_wconf 88' lang='lat' dir='ltr'>Quod</span> <span class='ocrx_word' id='word_1_31' title='bbox 161 587 254 654; x_wconf 78' lang='lat' dir='ltr'>civile,</span> <span class='ocrx_word' id='word_1_32' title='bbox 269 606 326 646; x_wconf 90' lang='lat' dir='ltr'>non</span> <span class='ocrx_word' id='word_1_33' title='bbox 346 588 422 647; x_wconf 89' lang='lat' dir='ltr'>idem</span> <span class='ocrx_word' id='word_1_34' title='bbox 442 589 576 647; x_wconf 88' lang='lat' dir='ltr'>continuo</span> <span class='ocrx_word' id='word_1_35' title='bbox 597 589 743 665; x_wconf 65' lang='lat' dir='ltr'>gentium</span> <span class='ocrx_word' id='word_1_36' title='bbox 765 585 842 660; x_wconf 91' lang='lat' dir='ltr'>quod</span> 
     </span>
     <span class='ocr_line' id='line_1_6' title="bbox 49 666 841 741; baseline 0.006 -22"><span class='ocrx_word' id='word_1_37' title='bbox 49 674 143 721; x_wconf 84' lang='lat' dir='ltr'>autem</span> <span class='ocrx_word' id='word_1_38' title='bbox 166 667 301 741; x_wconf 87' lang='lat' dir='ltr'>gentium,</span> <span class='ocrx_word' id='word_1_39' title='bbox 316 667 391 725; x_wconf 88' lang='lat' dir='ltr'>idern</span> <span class='ocrx_word' id='word_1_40' title='bbox 406 667 488 725; x_wconf 86' lang='lat' dir='ltr'>civile</span> <span class='ocrx_word' id='word_1_41' title='bbox 502 687 565 724; x_wconf 85' lang='lat' dir='ltr'>esse</span> <span class='ocrx_word' id='word_1_42' title='bbox 580 667 669 724; x_wconf 89' lang='lat' dir='ltr'>debet.</span> <span class='ocrx_word' id='word_1_43' title='bbox 710 666 767 724; x_wconf 83' lang='lat' dir='ltr'>Sed</span> <span class='ocrx_word' id='word_1_44' title='bbox 787 684 841 724; x_wconf 87' lang='lat' dir='ltr'>nos</span> 
     </span>
     <span class='ocr_line' id='line_1_7' title="bbox 50 743 842 822; baseline 0.005 -24"><span class='ocrx_word' id='word_1_45' title='bbox 50 743 111 800; x_wconf 86' lang='lat' dir='ltr'>veri</span> <span class='ocrx_word' id='word_1_46' title='bbox 121 743 206 818; x_wconf 87' lang='lat' dir='ltr'>juris,</span> <span class='ocrx_word' id='word_1_47' title='bbox 218 762 412 820; x_wconf 75' lang='lat' dir='ltr'>germaneque</span> <span class='ocrx_word' id='word_1_48' title='bbox 425 747 541 822; x_wconf 75' lang='lat' dir='ltr'>justitie</span> <span class='ocrx_word' id='word_1_49' title='bbox 556 745 673 804; x_wconf 84' lang='lat' dir='ltr'>solidam</span> <span class='ocrx_word' id='word_1_50' title='bbox 688 755 717 802; x_wconf 88' lang='lat' dir='ltr'>et</span> <span class='ocrx_word' id='word_1_51' title='bbox 727 763 842 821; x_wconf 86' lang='lat' dir='ltr'>expres·</span> 
     </span>
     <span class='ocr_line' id='line_1_8' title="bbox 51 821 842 899; baseline 0.004 -22"><span class='ocrx_word' id='word_1_52' title='bbox 51 839 112 878; x_wconf 85' lang='lat' dir='ltr'>sam</span> <span class='ocrx_word' id='word_1_53' title='bbox 144 821 268 899; x_wconf 84' lang='lat' dir='ltr'>effigiem</span> <span class='ocrx_word' id='word_1_54' title='bbox 297 824 403 882; x_wconf 81' lang='lat' dir='ltr'>nuliam</span> <span class='ocrx_word' id='word_1_55' title='bbox 426 838 573 892; x_wconf 85' lang='lat' dir='ltr'>tenemus;</span> <span class='ocrx_word' id='word_1_56' title='bbox 601 825 700 882; x_wconf 84' lang='lat' dir='ltr'>umbro</span> <span class='ocrx_word' id='word_1_57' title='bbox 726 835 755 881; x_wconf 92' lang='lat' dir='ltr'>et</span> <span class='ocrx_word' id='word_1_58' title='bbox 774 825 842 881; x_wconf 78' lang='lat' dir='ltr'>ima·</span> 
     </span>
     <span class='ocr_line' id='line_1_9' title="bbox 50 900 840 978; baseline 0.003 -22"><span class='ocrx_word' id='word_1_59' title='bbox 50 900 165 973; x_wconf 79' lang='lat' dir='ltr'>ginibus</span> <span class='ocrx_word' id='word_1_60' title='bbox 185 902 298 962; x_wconf 87' lang='lat' dir='ltr'>utimur.</span> <span class='ocrx_word' id='word_1_61' title='bbox 340 903 399 960; x_wconf 86' lang='lat' dir='ltr'>Eas</span> <span class='ocrx_word' id='word_1_62' title='bbox 424 903 502 978; x_wconf 86' lang='lat' dir='ltr'>ipsas</span> <span class='ocrx_word' id='word_1_63' title='bbox 522 903 629 961; x_wconf 89' lang='lat' dir='ltr'>utinam</span> <span class='ocrx_word' id='word_1_64' title='bbox 650 909 840 975; x_wconf 76' lang='lat' dir='ltr'><strong>sequeremur.</strong></span> 
     </span>
     <span class='ocr_line' id='line_1_10' title="bbox 50 978 851 1057; baseline 0.001 -21"><span class='ocrx_word' id='word_1_65' title='bbox 50 978 192 1037; x_wconf 77' lang='lat' dir='ltr'><strong>Feruntur</strong></span> <span class='ocrx_word' id='word_1_66' title='bbox 216 981 292 1038; x_wconf 88' lang='lat' dir='ltr'>enim</span> <span class='ocrx_word' id='word_1_67' title='bbox 321 1000 358 1040; x_wconf 82' lang='lat' dir='ltr'>ex</span> <span class='ocrx_word' id='word_1_68' title='bbox 388 981 503 1057; x_wconf 88' lang='lat' dir='ltr'>optimis</span> <span class='ocrx_word' id='word_1_69' title='bbox 531 994 634 1038; x_wconf 85' lang='lat' dir='ltr'>naturae</span> <span class='ocrx_word' id='word_1_70' title='bbox 662 993 691 1039; x_wconf 89' lang='lat' dir='ltr'>et</span> <span class='ocrx_word' id='word_1_71' title='bbox 720 979 851 1050; x_wconf 80' lang='lat' dir='ltr'>veritatis,</span> 
     </span>
     <span class='ocr_line' id='line_1_11' title="bbox 51 1057 841 1134; baseline 0.003 -21"><span class='ocrx_word' id='word_1_72' title='bbox 51 1057 202 1134; x_wconf 83' lang='lat' dir='ltr'>exemplis.</span> <span class='ocrx_word' id='word_1_73' title='bbox 245 1059 320 1117; x_wconf 81' lang='lat' dir='ltr'>Nam</span> <span class='ocrx_word' id='word_1_74' title='bbox 343 1060 439 1132; x_wconf 84' lang='lat' dir='ltr'>quanti</span> <span class='ocrx_word' id='word_1_75' title='bbox 453 1061 536 1117; x_wconf 87' lang='lat' dir='ltr'>verba</span> <span class='ocrx_word' id='word_1_76' title='bbox 550 1059 607 1128; x_wconf 83' lang='lat' dir='ltr'>illa,</span> <span class='ocrx_word' id='word_1_77' title='bbox 622 1078 674 1118; x_wconf 81' lang='lat' dir='ltr'>uri</span> <span class='ocrx_word' id='word_1_78' title='bbox 692 1075 731 1116; x_wconf 81' lang='lat' dir='ltr'>wc</span> <span class='ocrx_word' id='word_1_79' title='bbox 757 1076 841 1116; x_wconf 81' lang='lat' dir='ltr'>rnor-</span> 
     </span>
     <span class='ocr_line' id='line_1_12' title="bbox 50 1153 840 1196; baseline 0.003 -4"><span class='ocrx_word' id='word_1_80' title='bbox 50 1153 112 1194; x_wconf 72' lang='lat' dir='ltr'>nnn</span> <span class='ocrx_word' id='word_1_81' title='bbox 141 1155 179 1194; x_wconf 79' lang='lat' dir='ltr'>rs</span> <span class='ocrx_word' id='word_1_82' title='bbox 213 1156 342 1196; x_wconf 78' lang='lat' dir='ltr'>moeurs</span> <span class='ocrx_word' id='word_1_83' title='bbox 378 1156 460 1195; x_wconf 79' lang='lat' dir='ltr'>rosrr</span> <span class='ocrx_word' id='word_1_84' title='bbox 492 1157 600 1196; x_wconf 71' lang='lat' dir='ltr'>currus</span> <span class='ocrx_word' id='word_1_85' title='bbox 632 1155 840 1196; x_wconf 77' lang='lat' dir='ltr'>unsunrrusvn</span> 
     </span>
     <span class='ocr_line' id='line_1_13' title="bbox 51 1216 842 1281; baseline 0.001 -10"><span class='ocrx_word' id='word_1_86' title='bbox 51 1232 131 1272; x_wconf 79' lang='lat' dir='ltr'>srnrr.</span> <span class='ocrx_word' id='word_1_87' title='bbox 181 1216 272 1281; x_wconf 87' lang='lat' dir='ltr'>Quam</span> <span class='ocrx_word' id='word_1_88' title='bbox 304 1217 352 1273; x_wconf 85' lang='lat' dir='ltr'>ille</span> <span class='ocrx_word' id='word_1_89' title='bbox 382 1219 483 1274; x_wconf 75' lang='lat' dir='ltr'>aurea!</span> <span class='ocrx_word' id='word_1_90' title='bbox 517 1234 609 1274; x_wconf 75' lang='lat' dir='ltr'>turon</span> <span class='ocrx_word' id='word_1_91' title='bbox 640 1234 732 1274; x_wconf 79' lang='lat' dir='ltr'>nouos</span> <span class='ocrx_word' id='word_1_92' title='bbox 763 1233 842 1273; x_wconf 77' lang='lat' dir='ltr'>nnuc</span> 
     </span>
     <span class='ocr_line' id='line_1_14' title="bbox 51 1292 690 1374; baseline 0.003 -24"><span class='ocrx_word' id='word_1_93' title='bbox 51 1311 144 1352; x_wconf 74' lang='lat' dir='ltr'>scinu</span> <span class='ocrx_word' id='word_1_94' title='bbox 158 1292 323 1374; x_wconf 81' lang='lat' dir='ltr'>[oronrur]</span> <span class='ocrx_word' id='word_1_95' title='bbox 338 1313 377 1353; x_wconf 80' lang='lat' dir='ltr'>nr</span> <span class='ocrx_word' id='word_1_96' title='bbox 391 1313 457 1353; x_wconf 79' lang='lat' dir='ltr'>erun</span> <span class='ocrx_word' id='word_1_97' title='bbox 472 1313 690 1353; x_wconf 74' lang='lat' dir='ltr'>rosunsrroun.</span> 
     </span>
    </p>

    <p class='ocr_par' dir='ltr' id='par_1_3' title="bbox 52 1372 844 2237">
     <span class='ocr_line' id='line_1_15' title="bbox 93 1372 843 1451; baseline 0.003 -23"><span class='ocrx_word' id='word_1_98' title='bbox 93 1372 161 1438; x_wconf 85' lang='lat' dir='ltr'>Sed,</span> <span class='ocrx_word' id='word_1_99' title='bbox 177 1374 225 1444; x_wconf 93' lang='lat' dir='ltr'>qui</span> <span class='ocrx_word' id='word_1_100' title='bbox 239 1373 296 1431; x_wconf 88' lang='lat' dir='ltr'>sint</span> <span class='ocrx_word' id='word_1_101' title='bbox 309 1374 385 1439; x_wconf 90' lang='lat' dir='ltr'>boni,</span> <span class='ocrx_word' id='word_1_102' title='bbox 400 1386 428 1430; x_wconf 92' lang='lat' dir='ltr'>et</span> <span class='ocrx_word' id='word_1_103' title='bbox 442 1373 510 1446; x_wconf 89' lang='lat' dir='ltr'>quid</span> <span class='ocrx_word' id='word_1_104' title='bbox 528 1374 574 1440; x_wconf 87' lang='lat' dir='ltr'>sit,</span> <span class='ocrx_word' id='word_1_105' title='bbox 588 1373 660 1432; x_wconf 88' lang='lat' dir='ltr'>bene</span> <span class='ocrx_word' id='word_1_106' title='bbox 673 1374 727 1451; x_wconf 80' lang='lat' dir='ltr'>ogi,</span> <span class='ocrx_word' id='word_1_107' title='bbox 740 1391 843 1449; x_wconf 81' lang='lat' dir='ltr'>magna</span> 
     </span>
     <span class='ocr_line' id='line_1_16' title="bbox 53 1449 843 1530; baseline 0.003 -23"><span class='ocrx_word' id='word_1_108' title='bbox 53 1453 173 1522; x_wconf 67' lang='lat' dir='ltr'>quiestio</span> <span class='ocrx_word' id='word_1_109' title='bbox 187 1463 239 1509; x_wconf 86' lang='lat' dir='ltr'>est.</span> <span class='ocrx_word' id='word_1_110' title='bbox 281 1453 317 1519; x_wconf 83' lang='lat' dir='ltr'>Q.</span> <span class='ocrx_word' id='word_1_111' title='bbox 332 1451 445 1524; x_wconf 87' lang='lat' dir='ltr'>quidem</span> <span class='ocrx_word' id='word_1_112' title='bbox 461 1452 597 1520; x_wconf 73' lang='lat' dir='ltr'>Scaevola,</span> <span class='ocrx_word' id='word_1_113' title='bbox 613 1453 740 1530; x_wconf 82' lang='lat' dir='ltr'>pontifex</span> <span class='ocrx_word' id='word_1_114' title='bbox 754 1449 843 1509; x_wconf 85' lang='lat' dir='ltr'>maxi·</span> 
     </span>
     <span class='ocr_line' id='line_1_17' title="bbox 52 1531 842 1596; baseline 0 -8"><span class='ocrx_word' id='word_1_115' title='bbox 52 1549 128 1596; x_wconf 84' lang='lat' dir='ltr'>mus,</span> <span class='ocrx_word' id='word_1_116' title='bbox 143 1549 283 1588; x_wconf 89' lang='lat' dir='ltr'>summam</span> <span class='ocrx_word' id='word_1_117' title='bbox 297 1532 355 1588; x_wconf 90' lang='lat' dir='ltr'>vim</span> <span class='ocrx_word' id='word_1_118' title='bbox 365 1531 474 1588; x_wconf 83' lang='lat' dir='ltr'>dicebat</span> <span class='ocrx_word' id='word_1_119' title='bbox 486 1550 549 1589; x_wconf 84' lang='lat' dir='ltr'>esse</span> <span class='ocrx_word' id='word_1_120' title='bbox 564 1532 593 1590; x_wconf 94' lang='lat' dir='ltr'>in</span> <span class='ocrx_word' id='word_1_121' title='bbox 607 1532 739 1592; x_wconf 86' lang='lat' dir='ltr'>omuibus</span> <span class='ocrx_word' id='word_1_122' title='bbox 752 1531 788 1588; x_wconf 90' lang='lat' dir='ltr'>iis</span> <span class='ocrx_word' id='word_1_123' title='bbox 800 1549 842 1588; x_wconf 83' lang='lat' dir='ltr'>ar-</span> 
     </span>
     <span class='ocr_line' id='line_1_18' title="bbox 53 1609 842 1682; baseline 0.001 -17"><span class='ocrx_word' id='word_1_124' title='bbox 53 1609 155 1675; x_wconf 82' lang='lat' dir='ltr'>bitriis,</span> <span class='ocrx_word' id='word_1_125' title='bbox 187 1609 217 1667; x_wconf 92' lang='lat' dir='ltr'>iu</span> <span class='ocrx_word' id='word_1_126' title='bbox 245 1611 346 1682; x_wconf 88' lang='lat' dir='ltr'>quibus</span> <span class='ocrx_word' id='word_1_127' title='bbox 374 1609 529 1678; x_wconf 84' lang='lat' dir='ltr'>adderetur,</span> <span class='ocrx_word' id='word_1_128' title='bbox 558 1629 598 1668; x_wconf 83' lang='lat' dir='ltr'>nx</span> <span class='ocrx_word' id='word_1_129' title='bbox 625 1629 694 1669; x_wconf 78' lang='lat' dir='ltr'>rios</span> <span class='ocrx_word' id='word_1_130' title='bbox 726 1611 842 1678; x_wconf 48' lang='lat' dir='ltr'>eous&amp;</span> 
     </span>
     <span class='ocr_line' id='line_1_19' title="bbox 52 1686 843 1758; baseline 0.001 -14"><span class='ocrx_word' id='word_1_131' title='bbox 52 1686 176 1758; x_wconf 85' lang='lat' dir='ltr'>fideique</span> <span class='ocrx_word' id='word_1_132' title='bbox 201 1689 281 1746; x_wconf 80' lang='lat' dir='ltr'>bonae</span> <span class='ocrx_word' id='word_1_133' title='bbox 306 1707 410 1746; x_wconf 88' lang='lat' dir='ltr'>nomen</span> <span class='ocrx_word' id='word_1_134' title='bbox 435 1688 612 1746; x_wconf 84' lang='lat' dir='ltr'>existimabat</span> <span class='ocrx_word' id='word_1_135' title='bbox 633 1707 745 1745; x_wconf 86' lang='lat' dir='ltr'>manare</span> <span class='ocrx_word' id='word_1_136' title='bbox 766 1689 843 1745; x_wconf 84' lang='lat' dir='ltr'>latis·</span> 
     </span>
     <span class='ocr_line' id='line_1_20' title="bbox 53 1765 842 1838; baseline 0.001 -17"><span class='ocrx_word' id='word_1_137' title='bbox 53 1765 137 1832; x_wconf 86' lang='lat' dir='ltr'>sime,</span> <span class='ocrx_word' id='word_1_138' title='bbox 149 1765 233 1838; x_wconf 84' lang='lat' dir='ltr'>idque</span> <span class='ocrx_word' id='word_1_139' title='bbox 246 1767 350 1825; x_wconf 84' lang='lat' dir='ltr'>versari</span> <span class='ocrx_word' id='word_1_140' title='bbox 362 1768 389 1824; x_wconf 88' lang='lat' dir='ltr'>iu</span> <span class='ocrx_word' id='word_1_141' title='bbox 402 1765 505 1831; x_wconf 88' lang='lat' dir='ltr'>tutelis,</span> <span class='ocrx_word' id='word_1_142' title='bbox 518 1766 707 1832; x_wconf 71' lang='lat' dir='ltr'>societatibus,</span> <span class='ocrx_word' id='word_1_143' title='bbox 720 1765 842 1833; x_wconf 88' lang='lat' dir='ltr'>fiduciis,</span> 
     </span>
     <span class='ocr_line' id='line_1_21' title="bbox 52 1843 840 1913; baseline -0.003 -12"><span class='ocrx_word' id='word_1_144' title='bbox 52 1844 202 1913; x_wconf 80' lang='lat' dir='ltr'>mandatis,</span> <span class='ocrx_word' id='word_1_145' title='bbox 217 1847 299 1903; x_wconf 89' lang='lat' dir='ltr'>rebus</span> <span class='ocrx_word' id='word_1_146' title='bbox 311 1847 404 1912; x_wconf 87' lang='lat' dir='ltr'>emtis,</span> <span class='ocrx_word' id='word_1_147' title='bbox 419 1843 550 1912; x_wconf 87' lang='lat' dir='ltr'>venditis,</span> <span class='ocrx_word' id='word_1_148' title='bbox 562 1843 718 1912; x_wconf 87' lang='lat' dir='ltr'>conductis,</span> <span class='ocrx_word' id='word_1_149' title='bbox 731 1844 840 1911; x_wconf 84' lang='lat' dir='ltr'>locatis,</span> 
     </span>
     <span class='ocr_line' id='line_1_22' title="bbox 53 1921 842 1997; baseline -0.004 -17"><span class='ocrx_word' id='word_1_150' title='bbox 53 1925 157 1995; x_wconf 86' lang='lat' dir='ltr'>quibus</span> <span class='ocrx_word' id='word_1_151' title='bbox 171 1925 375 1981; x_wconf 82' lang='lat' dir='ltr'>vitaesocietas</span> <span class='ocrx_word' id='word_1_152' title='bbox 396 1923 583 1981; x_wconf 84' lang='lat' dir='ltr'>contineretur</span> <span class='ocrx_word' id='word_1_153' title='bbox 595 1922 618 1983; x_wconf 81' lang='lat' dir='ltr'>:i</span> <span class='ocrx_word' id='word_1_154' title='bbox 637 1922 726 1980; x_wconf 80' lang='lat' dir='ltr'>initis</span> <span class='ocrx_word' id='word_1_155' title='bbox 748 1921 842 1997; x_wconf 80' lang='lat' dir='ltr'>magni</span> 
     </span>
     <span class='ocr_line' id='line_1_23' title="bbox 53 1996 843 2080; baseline -0.004 -20"><span class='ocrx_word' id='word_1_156' title='bbox 53 2020 120 2060; x_wconf 84' lang='lat' dir='ltr'>esse</span> <span class='ocrx_word' id='word_1_157' title='bbox 136 2001 242 2078; x_wconf 85' lang='lat' dir='ltr'>judicis</span> <span class='ocrx_word' id='word_1_158' title='bbox 257 2015 376 2062; x_wconf 83' lang='lat' dir='ltr'>statuere</span> <span class='ocrx_word' id='word_1_159' title='bbox 392 1996 558 2080; x_wconf 78' lang='lat' dir='ltr'>(presertim</span> <span class='ocrx_word' id='word_1_160' title='bbox 572 2019 638 2059; x_wconf 90' lang='lat' dir='ltr'>cum</span> <span class='ocrx_word' id='word_1_161' title='bbox 657 2001 687 2058; x_wconf 87' lang='lat' dir='ltr'>in</span> <span class='ocrx_word' id='word_1_162' title='bbox 702 1999 843 2076; x_wconf 90' lang='lat' dir='ltr'>plerisque</span> 
     </span>
     <span class='ocr_line' id='line_1_24' title="bbox 53 2079 844 2158; baseline -0.003 -20"><span class='ocrx_word' id='word_1_163' title='bbox 53 2091 151 2138; x_wconf 87' lang='lat' dir='ltr'>esseut</span> <span class='ocrx_word' id='word_1_164' title='bbox 173 2081 281 2157; x_wconf 84' lang='lat' dir='ltr'>judicia</span> <span class='ocrx_word' id='word_1_165' title='bbox 308 2081 474 2158; x_wconf 79' lang='lat' dir='ltr'>contrarie)‡</span> <span class='ocrx_word' id='word_1_166' title='bbox 492 2079 561 2154; x_wconf 89' lang='lat' dir='ltr'>quid</span> <span class='ocrx_word' id='word_1_167' title='bbox 580 2098 721 2151; x_wconf 90' lang='lat' dir='ltr'>quemque</span> <span class='ocrx_word' id='word_1_168' title='bbox 742 2080 844 2152; x_wconf 92' lang='lat' dir='ltr'>cuique</span> 
     </span>
     <span class='ocr_line' id='line_1_25' title="bbox 53 2170 350 2237; baseline 0.01 -22"><span class='ocrx_word' id='word_1_169' title='bbox 53 2171 186 2236; x_wconf 84' lang='lat' dir='ltr'>praestare</span> <span class='ocrx_word' id='word_1_170' title='bbox 201 2170 350 2237; x_wconf 86' lang='lat' dir='ltr'>oporteret.</span> 
     </span>
    </p>
   </div>
   <div class='ocr_carea' id='block_1_3' title="bbox 53 2315 849 3034">
    <p class='ocr_par' dir='ltr' id='par_1_4' title="bbox 53 2315 845 2707">
     <span class='ocr_line' id='line_1_26' title="bbox 87 2315 844 2392; baseline 0 -28"><span class='ocrx_word' id='word_1_171' title='bbox 87 2315 161 2392; x_wconf 54' lang='lat' dir='ltr'>*dn</span> <span class='ocrx_word' id='word_1_172' title='bbox 173 2315 230 2378; x_wconf 82' lang='lat' dir='ltr'>fide</span> <span class='ocrx_word' id='word_1_173' title='bbox 252 2315 319 2366; x_wconf 74' lang='lat' dir='ltr'>butu.</span> <span class='ocrx_word' id='word_1_174' title='bbox 350 2316 418 2366; x_wconf 79' lang='lat' dir='ltr'>&#39;I&#39;hnt</span> <span class='ocrx_word' id='word_1_175' title='bbox 434 2315 466 2365; x_wconf 83' lang='lat' dir='ltr'>nil</span> <span class='ocrx_word' id='word_1_176' title='bbox 482 2315 652 2367; x_wconf 80' lang='lat' dir='ltr'>erbitrcments</span> <span class='ocrx_word' id='word_1_177' title='bbox 674 2331 706 2365; x_wconf 89' lang='lat' dir='ltr'>on</span> <span class='ocrx_word' id='word_1_178' title='bbox 723 2321 844 2365; x_wconf 77' lang='lat' dir='ltr'>connects</span> 
     </span>
     <span class='ocr_line' id='line_1_27' title="bbox 53 2379 844 2512; baseline -0.001 -18"><span class='ocrx_word' id='word_1_179' title='bbox 53 2383 385 2512; x_wconf 52' lang='lat' dir='ltr'>&amp;iiiimxiiii</span> <span class='ocrx_word' id='word_1_180' title='bbox 397 2379 844 2508; x_wconf 57' lang='lat' dir='ltr'>‘diuitiitdttdfflid</span> 
     </span>
     <span class='ocr_line' id='line_1_28' title="bbox 54 2511 844 2574; baseline -0.001 -15"><span class='ocrx_word' id='word_1_181' title='bbox 54 2512 119 2560; x_wconf 84' lang='lat' dir='ltr'>tiens</span> <span class='ocrx_word' id='word_1_182' title='bbox 136 2513 267 2574; x_wconf 90' lang='lat' dir='ltr'>depended,</span> <span class='ocrx_word' id='word_1_183' title='bbox 277 2519 321 2561; x_wconf 90' lang='lat' dir='ltr'>not</span> <span class='ocrx_word' id='word_1_184' title='bbox 332 2529 364 2562; x_wconf 85' lang='lat' dir='ltr'>ou</span> <span class='ocrx_word' id='word_1_185' title='bbox 374 2511 472 2561; x_wconf 87' lang='lat' dir='ltr'>written</span> <span class='ocrx_word' id='word_1_186' title='bbox 488 2513 543 2571; x_wconf 88' lang='lat' dir='ltr'>luw,</span> <span class='ocrx_word' id='word_1_187' title='bbox 554 2514 598 2561; x_wconf 83' lang='lat' dir='ltr'>but</span> <span class='ocrx_word' id='word_1_188' title='bbox 608 2528 640 2562; x_wconf 89' lang='lat' dir='ltr'>on</span> <span class='ocrx_word' id='word_1_189' title='bbox 656 2511 697 2561; x_wconf 87' lang='lat' dir='ltr'>the</span> <span class='ocrx_word' id='word_1_190' title='bbox 713 2511 844 2560; x_wconf 79' lang='lat' dir='ltr'>discretiori</span> 
     </span>
     <span class='ocr_line' id='line_1_29' title="bbox 54 2575 845 2643; baseline -0.005 -17"><span class='ocrx_word' id='word_1_191' title='bbox 54 2576 86 2626; x_wconf 90' lang='lat' dir='ltr'>of</span> <span class='ocrx_word' id='word_1_192' title='bbox 92 2577 133 2626; x_wconf 82' lang='lat' dir='ltr'>the</span> <span class='ocrx_word' id='word_1_193' title='bbox 144 2577 236 2637; x_wconf 70' lang='lat' dir='ltr'>arbitri,</span> <span class='ocrx_word' id='word_1_194' title='bbox 248 2593 274 2626; x_wconf 89' lang='lat' dir='ltr'>or</span> <span class='ocrx_word' id='word_1_195' title='bbox 283 2577 386 2643; x_wconf 86' lang='lat' dir='ltr'>judices,</span> <span class='ocrx_word' id='word_1_196' title='bbox 393 2577 465 2626; x_wconf 88' lang='lat' dir='ltr'>when</span> <span class='ocrx_word' id='word_1_197' title='bbox 475 2577 544 2626; x_wconf 82' lang='lat' dir='ltr'>these</span> <span class='ocrx_word' id='word_1_198' title='bbox 550 2584 626 2627; x_wconf 80' lang='lat' dir='ltr'>terme</span> <span class='ocrx_word' id='word_1_199' title='bbox 634 2592 699 2628; x_wconf 87' lang='lat' dir='ltr'>were</span> <span class='ocrx_word' id='word_1_200' title='bbox 710 2575 845 2640; x_wconf 84' lang='lat' dir='ltr'>employed,</span> 
     </span>
     <span class='ocr_line' id='line_1_30' title="bbox 54 2643 531 2707; baseline 0.002 -17"><span class='ocrx_word' id='word_1_201' title='bbox 54 2648 126 2707; x_wconf 72' lang='lat' dir='ltr'>great</span> <span class='ocrx_word' id='word_1_202' title='bbox 136 2657 217 2702; x_wconf 90' lang='lat' dir='ltr'>power</span> <span class='ocrx_word' id='word_1_203' title='bbox 229 2659 279 2692; x_wconf 78' lang='lat' dir='ltr'>was</span> <span class='ocrx_word' id='word_1_204' title='bbox 291 2643 409 2692; x_wconf 81' lang='lat' dir='ltr'>intrusted</span> <span class='ocrx_word' id='word_1_205' title='bbox 420 2648 446 2690; x_wconf 85' lang='lat' dir='ltr'>to</span> <span class='ocrx_word' id='word_1_206' title='bbox 455 2643 531 2691; x_wconf 86' lang='lat' dir='ltr'>them.</span> 
     </span>
    </p>

    <p class='ocr_par' dir='ltr' id='par_1_5' title="bbox 54 2703 849 3034">
     <span class='ocr_line' id='line_1_31' title="bbox 89 2703 849 2783; baseline -0.011 -24"><span class='ocrx_word' id='word_1_207' title='bbox 89 2706 104 2783; x_wconf 73' lang='lat' dir='ltr'>i⁸</span> <span class='ocrx_word' id='word_1_208' title='bbox 118 2705 422 2766; x_wconf 68' lang='lat' dir='ltr'>Quium-eminenter:</span> <span class='ocrx_word' id='word_1_209' title='bbox 439 2706 515 2756; x_wconf 74' lang='lat' dir='ltr'>indicit</span> <span class='ocrx_word' id='word_1_210' title='bbox 537 2723 579 2756; x_wconf 84' lang='lat' dir='ltr'>are</span> <span class='ocrx_word' id='word_1_211' title='bbox 596 2705 634 2756; x_wconf 71' lang='lat' dir='ltr'>tie</span> <span class='ocrx_word' id='word_1_212' title='bbox 650 2721 707 2769; x_wconf 80' lang='lat' dir='ltr'>very</span> <span class='ocrx_word' id='word_1_213' title='bbox 724 2703 800 2753; x_wconf 78' lang='lat' dir='ltr'>bande</span> <span class='ocrx_word' id='word_1_214' title='bbox 820 2704 849 2768; x_wconf 65' lang='grc' dir='ltr'>ο]</span> 
     </span>
     <span class='ocr_line' id='line_1_32' title="bbox 54 2779 844 2913; baseline -0.009 -25"><span class='ocrx_word' id='word_1_215' title='bbox 54 2779 217 2908; x_wconf 39' lang='lat' dir='ltr'>coeperam</span> <span class='ocrx_word' id='word_1_216' title='bbox 233 2838 363 2887; x_wconf 82' lang='lat' dir='ltr'>cmttrort&#39;a.</span> <span class='ocrx_word' id='word_1_217' title='bbox 395 2836 537 2913; x_wconf 67' lang='lat' dir='ltr'>According</span> <span class='ocrx_word' id='word_1_218' title='bbox 551 2843 579 2886; x_wconf 80' lang='lat' dir='ltr'>io</span> <span class='ocrx_word' id='word_1_219' title='bbox 597 2835 641 2884; x_wconf 79' lang='lat' dir='ltr'>tho</span> <span class='ocrx_word' id='word_1_220' title='bbox 658 2834 734 2884; x_wconf 83' lang='lat' dir='ltr'>forms</span> <span class='ocrx_word' id='word_1_221' title='bbox 750 2833 781 2882; x_wconf 69' lang='lat' dir='ltr'>ot*</span> <span class='ocrx_word' id='word_1_222' title='bbox 791 2849 844 2896; x_wconf 88' lang='lat' dir='ltr'>pro-</span> 
     </span>
     <span class='ocr_line' id='line_1_33' title="bbox 54 2899 845 2968; baseline -0.009 -15"><span class='ocrx_word' id='word_1_223' title='bbox 54 2902 159 2968; x_wconf 75' lang='lat' dir='ltr'>ecoding</span> <span class='ocrx_word' id='word_1_224' title='bbox 170 2902 197 2952; x_wconf 86' lang='lat' dir='ltr'>iu</span> <span class='ocrx_word' id='word_1_225' title='bbox 212 2903 252 2952; x_wconf 86' lang='lat' dir='ltr'>the</span> <span class='ocrx_word' id='word_1_226' title='bbox 263 2903 360 2952; x_wconf 78' lang='lat' dir='ltr'>Romen</span> <span class='ocrx_word' id='word_1_227' title='bbox 369 2902 517 2962; x_wconf 69' lang='lat' dir='ltr'>low-courir,</span> <span class='ocrx_word' id='word_1_228' title='bbox 527 2918 554 2950; x_wconf 85' lang='lat' dir='ltr'>m</span> <span class='ocrx_word' id='word_1_229' title='bbox 570 2915 626 2950; x_wconf 76' lang='lat' dir='ltr'>cese</span> <span class='ocrx_word' id='word_1_230' title='bbox 637 2899 667 2949; x_wconf 84' lang='lat' dir='ltr'>of</span> <span class='ocrx_word' id='word_1_231' title='bbox 677 2899 718 2948; x_wconf 89' lang='lat' dir='ltr'>the</span> <span class='ocrx_word' id='word_1_232' title='bbox 733 2913 845 2961; x_wconf 85' lang='lat' dir='ltr'>non-per-</span> 
     </span>
     <span class='ocr_line' id='line_1_34' title="bbox 55 2963 845 3034; baseline -0.005 -18"><span class='ocrx_word' id='word_1_233' title='bbox 55 2967 180 3018; x_wconf 82' lang='lat' dir='ltr'>formrnce</span> <span class='ocrx_word' id='word_1_234' title='bbox 192 2968 222 3018; x_wconf 80' lang='lat' dir='ltr'>of</span> <span class='ocrx_word' id='word_1_235' title='bbox 227 2969 342 3034; x_wconf 70' lang='lat' dir='ltr'>ordinary</span> <span class='ocrx_word' id='word_1_236' title='bbox 354 2973 483 3027; x_wconf 73' lang='lat' dir='ltr'>connects,</span> <span class='ocrx_word' id='word_1_237' title='bbox 493 2965 554 3018; x_wconf 78' lang='lat' dir='ltr'>esch</span> <span class='ocrx_word' id='word_1_238' title='bbox 564 2971 635 3030; x_wconf 66' lang='lat' dir='ltr'>party</span> <span class='ocrx_word' id='word_1_239' title='bbox 643 2964 715 3014; x_wconf 86' lang='lat' dir='ltr'>could</span> <span class='ocrx_word' id='word_1_240' title='bbox 726 2963 845 3014; x_wconf 77' lang='lat' dir='ltr'>meinteiu</span> 
     </span>
    </p>
   </div>
   <div class='ocr_carea' id='block_1_4' title="bbox 0 0 956 3224">
    <p class='ocr_par' dir='ltr' id='par_1_6' title="bbox 0 0 956 3224">
     <span class='ocr_line' id='line_1_35' title="bbox 0 0 956 3224; baseline 0 0"><span class='ocrx_word' id='word_1_241' title='bbox 0 0 956 3224; x_wconf 95' lang='lat' dir='ltr'> </span> 
     </span>
    </p>
   </div>
  </div>
 </body>
</html>
