1882 3216
323 212 426 263 suun.
438 212 591 264 GAPNHI.
794 213 848 270 15³
933 241 936 250 ¹

65 360 92 408 et
108 367 145 412 ex
159 371 192 411 ea
205 354 272 412 orbe
284 355 458 432 triumphari,
473 357 534 414 sine
549 375 604 429 qua
617 373 770 428 numquam
784 373 850 414 nos·
935 393 936 414 .

65 431 98 486 tri
110 431 291 508 imperatores
305 451 342 490 ex
356 434 551 510 Transalpinis
568 433 682 512 [bellis]
696 435 849 525 triumpha·

6 527 7 530 ¹
65 520 136 567 runt.
176 511 268 568 Multa
287 522 421 586 praeterea
433 530 682 571 commemorarem
694 512 800 570 nefaria
819 521 859 570 ru*
935 555 936 572 .

66 588 168 654 socios,
178 590 203 645 si
217 589 272 646 hoc
282 608 339 646 uno
350 591 502 662 quidquam
513 592 556 649 sol
568 591 685 648 vidisset
694 591 848 668 indignius.

64 662 131 721 Jure
151 666 234 742 igitur
253 667 410 744 plectimur.
451 669 518 726 Nisi
537 670 613 727 enim
633 669 784 728 multorum
797 670 850 726 iur-

65 743 161 816 punita
169 746 275 804 scelera
282 747 454 814 tulissemus,
467 766 619 820 numquam
631 747 765 805 adununr
775 757 850 805 tanta
935 769 936 828 {

65 822 238 894 pervenisset
257 825 389 882 licentia:
411 843 497 896 aquo
518 825 632 896 quidem
651 825 692 882 rei
705 825 849 882 familiaris

64 897 227 1034 {dppucos
242 902 428 982 cupiditatum
439 902 473 960 ad
487 903 590 962 multos
610 904 753 980 improbos
773 904 851 961 uenit
924 913 926 924 '

84 995 130 1034 ere
149 979 212 1036 itas.

101 1055 167 1112 Nec
180 1075 247 1115 vero
260 1077 394 1130 umquam
407 1059 545 1116 bellorum
564 1057 690 1116 civilium
703 1059 801 1115 semen
822 1067 851 1116 et

64 1150 164 1190 caussa
178 1134 275 1203 deerit,
290 1135 357 1194 dum
378 1137 508 1194 homines
529 1135 630 1212 perditi
644 1136 753 1192 hastam
773 1136 850 1193 illam

63 1221 206 1270 cruentam
219 1223 248 1270 et
260 1215 448 1281 meminerint,
464 1225 491 1270 et
502 1215 661 1290 sperabunt.
702 1215 794 1280 Quam
815 1214 851 1272 Ρ.

65 1289 161 1346 Sulla*
189 1309 253 1350 eum
278 1293 423 1358 vibrasset,
448 1293 579 1350 dictatore
601 1291 759 1367 propinquo
786 1310 850 1360 suo,

63 1367 140 1426 idem
154 1381 235 1426 sexto
246 1370 388 1428 tricesimo
400 1389 473 1428 anuo
484 1381 549 1446 post
559 1391 575 1428 a
584 1371 760 1428 sceleratiore
771 1371 852 1429 hasta

62 1465 120 1504 uon
142 1449 268 1506 recessit.
308 1449 387 1506 Alter
407 1459 509 1516 autem,
532 1451 581 1522 qui
601 1451 632 1509 in
650 1449 699 1506 illa
717 1449 851 1508 dictatura

62 1525 156 1582 scriba
175 1524 273 1593 suerat,
288 1527 317 1584 in
332 1527 385 1584 hac
406 1527 457 1584 luit
476 1539 597 1600 quaestor
616 1527 763 1591 urbanusl
801 1528 851 1586 Ex

62 1621 119 1675 quo
147 1602 230 1662 debet
256 1605 384 1681 intelligi,
406 1606 505 1662 talibus
526 1606 648 1682 premiis
669 1606 851 1682 propositor

61 1699 217 1752 numquam
231 1682 357 1741 defutura
378 1683 450 1741 bella
469 1684 572 1740 civilia.
611 1684 709 1755 Itaque
729 1685 849 1760 parietes

60 1759 148 1819 modo
168 1761 245 1818 urbis
259 1770 333 1820 stent
345 1772 373 1820 et
386 1770 509 1829 manent,
524 1761 600 1833 iique
615 1761 671 1838 ipsi
685 1762 747 1838 jam
760 1771 851 1822 extre·

60 1952 87 2000 in
95 1952 174 2017 ivery,
185 1968 236 2001 was
247 1953 341 2002 carried
352 1953 379 2000 in
389 1953 492 2002 Coesar's
503 1951 635 2013 triurnphal
646 1949 791 2013 processior.
818 1950 850 1999 In

57 2018 246 2130 pperydcllirange
260 2018 402 2131 οξέοὲιωθ,
419 2018 450 2066 its
460 2017 566 2130 (pigneris
577 2017 625 2130 hilii
641 2017 702 2128 beerp
713 2014 810 2063 faithful
824 2021 851 2064 to
876 2021 882 2044 '

58 2098 141 2211 iodiiy
158 2099 292 2196 πιᾳὲὶξὲᾱνῖῐῖ)
307 2097 412 2196 reddii'
421 2095 851 2196 ppuuap1nphisedppnpfflr

56 2211 164 2260 Caem‘s
174 2228 291 2275 purpose:
307 2213 339 2260 he
350 2212 469 2286 besieged,
478 2212 525 2261 and
537 2211 597 2261 oster
605 2211 737 2275 evigorous
744 2210 850 2270 desence,
893 2215 895 2225 '

58 2277 118 2325 took
129 2277 171 2324 the
183 2284 249 2326 town
260 2277 293 2342 by
304 2277 467 2338 capitulation.
498 2277 560 2325 Caes.
572 2278 602 2325 de
614 2276 672 2325 Bell.
683 2277 736 2325 Civ.
746 2276 763 2324 i.
772 2275 812 2326 ³4.
823 2271 850 2324 ii.

56 2339 97 2390 20.
114 2341 178 2389 Vell.
187 2342 240 2390 Pet.
250 2341 276 2390 ii.
285 2342 322 2389 56.
334 2341 357 2408 2τ

89 2407 105 2439 *
123 2406 156 2454 P.
167 2405 245 2468 Sulla.
277 2406 387 2468 Nephew
397 2406 427 2453 of
438 2405 466 2454 L.
476 2405 549 2454 Corn.
560 2405 634 2469 sylla,
645 2405 686 2454 the
698 2406 809 2454 dictator.

90 2471 103 2522 †
122 2470 234 2530 Qccstcr
246 2469 378 2532 urbanus„
394 2471 456 2518 This
468 2487 519 2518 was
530 2472 644 2535 probably
656 2471 683 2520 P.
694 2471 782 2535 Sylla'e
797 2471 849 2518 bro·

56 2533 119 2594 ther,
133 2537 224 2584 named
235 2535 339 2594 Servius,
350 2535 406 2584 who
416 2536 465 2583 huri
475 2535 536 2583 been
547 2535 685 2598 implicated
697 2537 722 2584 in
733 2536 774 2583 the
785 2534 849 2582 Cati·

56 2599 166 2649 linarian
177 2601 327 2663 conspiracy.

89 2664 100 2716 l
117 2665 236 2714 Promiis
243 2665 380 2729 propositis.
412 2664 513 2713 “Hasta
522 2663 626 2712 Caesaris
638 2663 721 2712 multis
733 2661 848 2723 improbis

56 2735 81 2776 et
92 2745 164 2792 spem
175 2729 253 2778 adfert
263 2736 289 2777 et
306 2729 439 2778 audaciam.
473 2729 591 2776 Viderunt
606 2727 673 2775 enim
684 2741 714 2774 ex
729 2725 848 2773 mendicis

56 2793 110 2843 fieri
122 2801 223 2857 repente
235 2794 328 2852 divites,
339 2794 419 2855 itaque
435 2793 530 2840 hastam
541 2793 621 2840 videre
637 2805 731 2852 semper
747 2789 847 2851 cupiur‘

56 2857 73 2906 ii
85 2859 129 2923 qui
139 2859 231 2910 uostris
242 2859 311 2908 bonis
322 2853 474 2906 imminent.”
491 2856 578 2918 Philip.
590 2855 639 2903 viii.
648 2853 670 2900 3.
