1888 3222
307 169 372 222 tin.
385 171 430 222 111.
448 169 525 222 GAP.
536 170 581 221 VI.
786 177 844 232 2⁶27

56 326 162 376 naturas
175 314 278 392 legen.
320 315 373 374 Sin
391 323 482 374 autem
497 316 522 374 ia
542 324 572 374 tu
593 316 644 383 sis,
659 316 708 390 qui
729 317 844 376 multam

56 397 204 454 utilitatem
218 395 259 452 rei
272 395 393 470 publicae
407 405 489 466 atque
503 395 651 453 hominum
667 394 804 463 societati,
820 398 845 453 si

57 475 87 532 in
104 475 159 532 vita
174 491 327 541 remaneas,
344 473 442 531 afferre
463 475 578 550 possis;
599 474 716 547 siquid,
732 477 845 532 obeam

57 555 214 620 caussam*
230 553 307 610 alteri
328 551 490 620 detraxeris,
505 571 563 610 non
583 553 621 610 sit
639 555 846 628 reprehenden-

58 629 156 691 dum.'
178 631 231 688 Sin
258 640 351 688 autem
378 631 408 688 id
431 650 489 689 non
516 632 553 688 sit
572 632 633 708 ejus
655 633 741 700 modi,
762 651 845 690 suum

57 710 161 782 cuique
182 708 393 768 incommodum
414 709 559 768 serendum
580 721 627 766 est⁴
642 712 746 786 potius,
762 729 846 784 quam

58 789 94 846 de
110 789 222 846 alterius
242 789 399 846 commodis
414 788 640 850 detrahendum.†
681 789 749 847 Non
762 790 848 866 igitur
926 812 932 821 ·

58 868 151 942 magis
171 877 215 923 est
234 875 330 924 contra
356 877 482 924 naturam
513 868 638 934 morbus,
660 877 707 924 aut
726 879 846 944 egestas,

60 956 109 1003 aut
119 944 186 1019 quid
199 945 284 1022 hujus
299 945 386 1013 modi,
402 963 485 1017 quarn
500 944 643 1012 detractio,
653 954 700 1003 aut
713 947 848 1022 appetitio

58 1025 161 1085 alieni:
191 1023 241 1081 sed
263 1024 421 1082 communis
442 1020 567 1082 utilitatis
589 1023 732 1082 derelictio
752 1033 848 1081 eontra

59 1112 187 1160 naturam
208 1112 272 1170 θοις
294 1113 338 1159 est
356 1102 433 1159 enim
454 1101 567 1178 injuste.
608 1101 705 1173 Itaque
726 1103 773 1160 lex
786 1103 849 1178 ipsa
925 1173 927 1178 Ι

58 1191 175 1248 naturae,
191 1198 252 1253 quae
266 1180 414 1240 utilitatem
427 1179 575 1238 hominum
587 1190 734 1238 conservat
744 1189 772 1238 et
782 1199 848 1238 con-

59 1261 140 1326 tinet,
155 1259 281 1316 decernit
294 1260 430 1335 profecto,
443 1268 475 1316 ut
488 1260 522 1316 ab
540 1260 655 1318 homine
670 1260 752 1318 inerti
766 1269 849 1332 atque

58 1337 152 1396 inutili
166 1337 202 1395 ad
215 1337 381 1414 sapientem,
396 1339 512 1406 bonum,
527 1337 625 1396 fortem
649 1339 739 1398 virum
761 1349 849 1396 trans·

57 1417 182 1474 serantur
196 1435 241 1474 res
256 1415 291 1472 ad
311 1416 461 1474 vivendum
481 1418 668 1485 necessariaet
690 1419 749 1490 qui,
764 1418 789 1475 si
803 1435 850 1474 oe·

59 1495 169 1561 ciderit,
184 1495 303 1553 multum
317 1493 352 1552 de
374 1497 518 1555 communi
537 1497 654 1554 utilitate
676 1495 826 1554 detraxerit
840 1513 848 1561 ;

59 1573 145 1632 modo
160 1573 215 1630 hoc
228 1575 267 1630 ita
286 1571 377 1640 saciat,
395 1585 473 1631 utne
488 1575 549 1650 ipae
564 1573 645 1632 dese
667 1576 739 1633 bene
754 1575 851 1632 existi·

59 1671 154 1720 mans,
171 1669 290 1724 seseque
310 1651 442 1728 dihgens,
458 1653 530 1709 hanc
551 1670 679 1710 caussam
701 1655 802 1712 habeat
815 1651 851 1710 ad

91 1811 107 1842 2
119 1805 157 1883 Oh
169 1823 221 1856 eam
233 1823 352 1857 causeam.
370 1808 411 1858 On
422 1813 526 1858 account
536 1807 566 1857 of
571 1823 633 1873 your
640 1824 696 1858 own
702 1814 772 1872 grem
782 1808 852 1857 value

60 1881 264 1990 m'doeGldrhyrncdia
276 1936 456 1988 detrahendum.
489 1936 568 2002 Many
576 1944 629 1987 acts
636 1939 698 1987 done
708 1936 744 1987 for
750 1937 792 1986 the
800 1951 852 2000 pre-

60 2003 184 2054 servation
196 2002 225 2050 of
230 2003 272 2051 life
284 2020 342 2067 may
353 2003 425 2068 fairly
434 2005 463 2052 be
472 2003 619 2062 considered,
628 2004 654 2052 iu
664 2009 770 2052 extreme
777 2018 853 2060 ceses,

60 2085 87 2117 as
99 2068 240 2130 exceptione
252 2076 277 2116 ιο
288 2069 387 2182 penerel
398 2069 470 2118 rules.
503 2067 609 2134 Injurics
626 2070 688 2118 done
703 2068 779 2117 under
791 2067 852 2116 such

59 2133 289 2191 circurnstanceso
314 2149 330 2180 a
340 2135 473 2199 pecuniary
489 2141 584 2192 nature,
595 2150 653 2198 may
664 2134 807 2183 alterwmds
823 2133 853 2182 be

60 2199 237 2261 compensated
248 2197 302 2263 fifty
313 2196 369 2247 feld.
401 2205 415 2228 “
424 2199 464 2248 Το
474 2215 518 2263 say
529 2199 571 2248 the
582 2199 656 2259 truth,
666 2201 734 2249 these
746 2206 854 2248 extreme

61 2279 131 2312 casea
149 2263 233 2312 which
250 2263 346 2326 happen
366 2262 465 2322 seldom,
483 2265 531 2314 and
550 2264 644 2330 hardly,
654 2267 727 2314 when
746 2265 804 2330 they
823 2266 854 2314 do

60 2327 167 2392 huppen,
184 2329 263 2377 admit
278 2327 307 2377 of
322 2345 371 2392 any
387 2329 464 2378 moral
481 2345 558 2394 agene
575 2347 635 2388 ,are
651 2331 742 2380 scarcel
775 2331 854 2379 worth

60 2393 226 2458 mentioning,
237 2394 312 2442 much
323 2393 371 2446 less
388 2394 526 2461 debating.”
537 2392 542 2401 '
558 2345 655 2471 haley’s
667 2396 706 2445 El.
717 2414 731 2445 ο
758 2397 794 2444 M.
805 2396 854 2444 sud

60 2457 89 2506 P.
100 2459 148 2516 Ph.
160 2458 191 2506 iv.
203 2459 225 2506 1.
256 2457 363 2507 Cicero’a
379 2458 501 2526 leuguage
517 2459 540 2508 is
555 2467 599 2509 not
614 2463 701 2512 indeed
717 2477 776 2524 very
796 2461 854 2524 dog·

59 2523 176 2572 matical:
193 2523 272 2570 Suom
283 2525 367 2586 eoique
376 2523 703 2588 incommodomsercndum:
720 2526 767 2575 and
774 2531 854 2588 pretty

60 2587 229 2637 considerable
240 2587 340 2640 latitude
350 2588 372 2636 ia
383 2588 433 2648 lest,
444 2591 470 2638 in
481 2591 522 2638 the
533 2591 677 2652 permission
688 2597 713 2640 to
729 2589 790 2639 each
801 2605 854 2652 per-

61 2670 108 2702 son
125 2660 151 2702 ιο
167 2669 211 2702 use
231 2653 270 2701 his
290 2669 345 2702 own
368 2653 500 2703 discretiori
519 2654 546 2702 in
562 2656 728 2730 appreciating
743 2654 782 2702 his
798 2669 854 2702 own

62 2719 145 2768 merit.
178 2717 209 2767 In
220 2719 277 2767 doin
306 2719 363 2776 this,
373 2719 422 2767 and
432 2735 464 2768 on
475 2719 537 2768 such
545 2736 577 2768 an
589 2720 701 2768 occasion
712 2735 739 2766 an
750 2719 854 2780 perticu-

62 2783 107 2843 lar,
119 2783 163 2832 the
180 2799 247 2833 error
257 2736 333 2847 niely
345 2791 371 2832 ιο
381 2785 411 2832 he
429 2783 579 2844 committed,
590 2784 671 2833 wculd
682 2781 800 2848 certainly
812 2789 856 2831 not

61 2849 93 2897 be
104 2849 140 2913 by
151 2848 328 2914 undervaluiug
336 2849 409 2898 them.
