1890 3224
100 217 161 272 eon
359 216 406 264 nn
424 175 618 277 osricus„
719 260 721 266 ,
781 213 782 216 ’

104 357 268 435 Pompeius,
291 375 357 431 quo,
380 376 444 416 curn
470 357 499 414 in
521 356 619 414 eadem
651 373 753 428 caussa
785 359 893 424 esset*

103 435 137 494 de
158 449 276 504 recente,
302 447 416 512 accepta
439 435 486 492 lex
508 453 565 492 non
589 445 641 492 est.
683 433 741 491 Hic
764 455 813 503 ea,
830 455 893 509 qnae

103 457 245 572 videbatur
265 514 380 580 utilitas,
406 514 470 590 plus
497 512 595 592 valuit,¹
619 513 891 586 quamhonestas:

102 593 175 669 apud
185 593 343 667 superiores
358 593 483 650 utilitatis
498 593 610 667 species
624 593 692 650 salsa
706 592 741 648 ab
751 592 893 650 honesta·

102 671 138 728 tis
152 671 313 728 auctoritate
325 681 454 746 superata
468 679 520 726 est.
772 679 774 682 ·

142 749 181 806 At
193 765 251 806 non
267 749 373 811 debuitl
386 759 475 805 ratum
487 746 646 820 essequod
658 757 717 804 eret
727 758 826 806 actum
838 767 890 825 per

101 826 170 884 vim.
209 827 299 893 Quasi
320 845 387 885 vero
409 827 472 884 lorti
486 826 546 882 viro
569 827 613 882 vis
628 827 719 901 possit
734 825 892 900 adhiberit
932 879 933 892 ,

102 901 163 962 Gur
176 905 260 981 igitur
268 905 303 962 ad
314 915 439 963 senatum
450 903 687 979 proficiscebatur,
696 923 761 961 cum
770 923 891 980 praeser-

102 982 152 1041 tim
167 983 201 1041 de
223 983 339 1060 captivis
362 983 539 1042 dissuasurus
563 983 661 1039 esset?
690 982 776 1048 Quod
800 984 890 1040 maxi·

101 1079 180 1120 mum
193 1061 223 1120 in
242 1079 276 1118 eo
290 1073 342 1128 est,
357 1061 386 1120 id
400 1057 612 1136 reprehenditis.
655 1059 724 1118 Non
739 1061 819 1118 enim
833 1079 885 1118 suo

96 1138 206 1214 judicio
219 1140 304 1206 stetit,
320 1139 371 1197 sed
389 1139 515 1214 suscepit
536 1156 676 1206 caussam,
697 1149 729 1195 ut
752 1149 834 1197 esset
843 1140 888 1215 ju·

100 1215 205 1275 dicium
219 1227 330 1275 senatus
346 1237 354 1272 r
376 1219 422 1274 oui
435 1217 492 1273 nisi
506 1216 567 1291 ipse
583 1216 807 1283 succurrisset,
823 1235 886 1293 cap

100 1295 150 1352 tiri
163 1295 287 1370 profecto
301 1295 398 1353 Poenis
412 1293 512 1352 redditi
526 1304 630 1351 essent.
670 1294 714 1352 Ita
734 1295 885 1352 incolumis

100 1372 130 1429 in
151 1374 239 1448 patris
257 1373 383 1448 Regulus
403 1372 562 1430 restitisset.
600 1371 687 1450 Quod
701 1374 771 1446 quia
792 1374 885 1450 patrie

98 1466 157 1506 non
170 1449 237 1507 utile
250 1451 367 1524 putavit,
382 1449 490 1506 ideirco
505 1448 560 1506 sibi
574 1449 727 1508 honestum
741 1461 771 1508 et
784 1452 885 1509 sentire

99 1525 156 1597 ills,
182 1536 210 1584 et
236 1528 294 1603 pati
322 1525 447 1584 credidit.
490 1527 568 1584 Nam
596 1529 673 1600 quod
700 1529 790 1598 aiunt,
811 1527 886 1602 quod

98 1603 178 1662 valde
204 1604 272 1662 utile
299 1605 341 1672 fit,
364 1603 393 1662 id
418 1606 480 1664 fieri
505 1605 673 1664 honestum:
703 1608 795 1665 immo
819 1626 885 1665 vero

98 1685 189 1757 esse,§
204 1701 262 1742 non
273 1683 345 1740 fieri.
385 1683 441 1742 Est
454 1684 531 1741 enim
546 1685 618 1742 nihil
631 1685 709 1752 utile,
723 1686 801 1757 quod
811 1686 885 1744 idem
918 1695 921 1702 ‘

98 1778 156 1820 uon
180 1761 351 1822 honestum:
373 1780 426 1820 uec
450 1763 517 1835 quia
543 1763 620 1831 utile,
647 1764 801 1826 honesturn
823 1773 885 1831 cst;

130 1969 384 2047 *Pornpeius—esset.
416 1971 552 2030 Consul‚A.
564 1971 594 2020 ΙΙ.
605 1972 633 2021 C.
645 1969 707 2028 612;
724 1971 756 2021 he
767 1973 821 2022 also
832 1987 887 2021 ocn-
930 1967 931 1970 '

99 2035 184 2084 eluded
195 2038 254 2086 with
265 2037 305 2086 the
321 2035 485 2085 Numantines
494 2053 510 2084 a
520 2043 606 2100 treoty,
618 2035 678 2084 with
690 2036 773 2086 which
785 2038 826 2086 the
842 2037 888 2085 Ro

97 2114 168 2148 mons
176 2116 240 2149 were
251 2101 401 2160 dissnlislied‚
414 2101 507 2161 (Vellei.
518 2101 546 2149 ii.
557 2102 578 2150 1.
589 2101 612 2148 4.
629 2099 693 2148 Ι·Ὶοι·.
705 2101 732 2148 ii.
745 2102 794 2164 18.)
807 2104 888 2151 buton
925 2133 930 2170 ς

97 2162 146 2210 this
157 2165 279 2224 occasion·
288 2166 346 2241 they
362 2166 466 2230 thought
477 2165 505 2213 fit
516 2172 559 2214 not
570 2172 595 2214 to
606 2181 639 2229 go
649 2165 758 2230 through
769 2168 812 2216 the
824 2182 887 2215 oere-
928 2171 929 2174 ’

97 2228 887 2364 fflthltffllttltffltlttttlltttltlnctnnc
928 2267 929 2359 l

96 2354 137 2402 the
147 2355 303 2406 interlocutor
313 2359 368 2407 who
377 2361 509 2408 condemns
521 2359 559 2408 his
571 2360 825 2426 returntoCarthsge,
835 2377 887 2424 pro-

96 2421 167 2468 ceeds
178 2421 204 2468 in
212 2420 251 2468 his
262 2431 397 2486 argument.

128 2483 138 2536 l
155 2483 237 2534 Possit
251 2484 366 2535 adhiberi.
397 2487 485 2535 Cicero
502 2503 581 2536 seems
601 2495 644 2536 not
664 2504 744 2547 ewnre
762 2489 819 2538 thet
836 2491 887 2539 this

95 2557 224 2622 afgrunent
241 2551 331 2612 spplies
348 2567 376 2598 ss
394 2552 504 2616 strongly
515 2559 540 2601 to
558 2569 573 2600 s
584 2568 642 2602 men
659 2553 686 2600 in
704 2553 746 2602 the
764 2568 848 2616 power
864 2554 892 2603 os
926 2571 927 2636 p

95 2619 230 2734 prputpzmo
251 2691 305 2723 oero
324 2691 381 2722 asse.
421 2670 538 2726 Heumen
560 2681 630 2727 reads
652 2681 717 2737 here,
735 2696 788 2729 esse
812 2681 885 2730 debet.

94 2733 184 2796 Biehop
199 2738 288 2786 Penrce
299 2738 383 2785 thinks
395 2754 438 2801 ego
449 2743 488 2788 oio
503 2742 537 2799 id,
548 2742 570 2789 is
586 2745 745 2792 understood:
762 2746 838 2804 wolf,
850 2747 885 2793 di.

92 2797 193 2844 cendum
208 2809 243 2847 est
249 2819 260 2858 ,·
275 2801 322 2849 ond
333 2801 357 2848 J.
369 2801 405 2856 M.
416 2803 564 2867 Heusinger,
575 2806 652 2863 aloru,
663 2824 690 2856 or
703 2808 783 2856 dicere
793 2810 883 2866 pulsnt.
