1896 3220
318 185 584 276 unicornui.
805 192 843 248 49

98 329 288 406 temptorum
312 338 406 386 autem
427 330 626 388 beneficiorum
640 340 706 390 eunt
718 329 842 392 deleatur

60 408 209 467 habendi*
249 407 313 464 Nee
346 407 472 476 dubium,
498 410 565 482 quin
593 411 717 469 maximo
741 413 843 485 ruique

59 487 212 565 plurimum
227 484 366 544 debeatur.
408 486 441 544 In
450 505 506 559 quo
520 497 612 546 tamen
626 489 654 546 in
667 490 776 564 primis,
786 509 843 563 quo

60 566 180 638 quisque
201 566 304 633 animo,
326 563 428 632 studim
443 566 637 624 benevolentia
650 568 756 636 feeerit,
772 587 842 644 porra

60 643 211 702 derandum
226 653 278 700 est.
319 643 403 700 Multi
422 645 500 702 enirn
515 645 619 702 faciunt
632 646 718 704 multa
732 648 842 706 temeri·

60 733 114 781 tate
129 722 258 794 quadam,
273 722 335 779 eine
345 722 453 799 judicio
467 724 512 780 vel
527 723 620 791 modo,
636 725 665 782 in
678 743 787 790 omnes.
797 726 843 784 vel

60 802 206 877 repentino
217 800 348 872 quodam,
361 802 440 874 quasi
454 812 548 868 vento,
560 803 667 878 impetu
678 805 764 861 animi
773 805 842 862 inei·

15 945 18 954 ,
60 881 125 938 tati:
148 897 210 952 que
223 879 360 936 beneficia
373 898 452 952 aeque
473 879 573 956 magna
593 899 650 939 non
664 893 728 940 aunt
739 883 842 940 haben·

60 958 103 1026 da,
128 967 211 1093 εἪθ
231 976 274 1025 ea,
295 975 357 1029 quae
377 958 496 1033 judicio,
516 958 689 1017 considerate
714 973 841 1019 constan-

58 1047 155 1110 terque
194 1037 265 1094 elata
277 1044 350 1094 sunt.
390 1036 449 1093 Sed
463 1037 492 1093 in
512 1036 673 1094 collocando
692 1039 840 1107 beneficio,

59 1126 86 1173 et
109 1117 140 1173 in
159 1115 303 1172 reserenda
323 1114 419 1190 gratia,
435 1115 459 1172 si
477 1124 569 1171 cetera
589 1116 667 1190 paria
688 1126 762 1184 sunt,
781 1117 840 1174 =hoe

39 1223 41 1230 v
58 1195 182 1252 maxime
196 1193 282 1251 officii
296 1204 348 1259 est,
362 1202 394 1250 ut
407 1194 527 1265 quisque
540 1193 664 1251 maxime
685 1196 749 1271 opis
771 1195 841 1252 indi·

58 1281 130 1350 goat,
145 1273 184 1329 ita
197 1273 224 1329 ei
238 1272 416 1348 potissimum
431 1273 570 1347 opitulari.
611 1273 694 1339 Quod
706 1275 841 1332 contraiit

58 1371 73 1409 e
86 1351 239 1428 plerisque.
280 1350 376 1422 Aquo
390 1351 466 1408 enim
487 1351 639 1426 plirrimum
654 1361 775 1428 sperant,
790 1353 840 1411 eti·

58 1431 128 1488 amsi
141 1430 166 1486 is
181 1448 237 1487 non
251 1440 324 1506 eget,
337 1438 430 1507 tamen
444 1430 471 1486 ei
485 1430 663 1506 potissimum
675 1433 838 1490 inserviunt.

58 1620 145 1681 OAP.
162 1619 243 1679 XVI.
257 1617 339 1692 ¹Quae
350 1619 411 1679 rint
421 1620 566 1680 societatis
580 1623 716 1681 humane
728 1619 840 1700 prinei-

119 1699 185 1779 pia.
229 1698 308 1770 Quid
315 1699 449 1778 primum
463 1700 584 1760 societas
593 1701 756 1779 precipiat.

94 1856 213 1917 Omna
229 1866 320 1916 autem
334 1857 454 1915 societas
468 1855 615 1914 hominum
624 1857 838 1934 conjunctioque

57 1937 219 2012 servabitur,
234 1937 270 2004 si,
285 1937 448 2009 utquisque
463 1936 516 1992 erit
529 1935 786 2010 conjunctissimus,
800 1937 840 1994 ita

57 2016 85 2072 in
96 2033 164 2073 enm
174 2015 352 2091 benignitatis
364 2014 516 2090 plurimum
527 2013 692 2072 conseretur.
710 2013 768 2071 Sed
776 2033 838 2088 quae

57 2105 154 2151 natura
178 2094 315 2170 pritacipia
335 2094 392 2152 sint
416 2093 624 2150 communitatis
648 2104 677 2152 et
696 2094 837 2152 societatis

56 2171 196 2239 humana,
223 2171 406 2249 repetendum
426 2171 534 2228 videtur
558 2172 648 2230 altius.
686 2172 742 2230 Est
761 2174 838 2232 enim

56 2252 189 2326 primum,
204 2250 280 2324 quod
296 2251 417 2308 cernitur
428 2251 457 2308 in
468 2251 592 2309 universi
602 2252 711 2327 generis
722 2252 838 2310 humani

57 2331 199 2397 societate,
211 2330 273 2406 ejus
288 2339 378 2386 autem
391 2329 534 2386 vinculum
543 2338 595 2397 eet,
610 2331 680 2388 ratio
694 2342 722 2390 et
732 2332 835 2400 oratio;

57 2427 116 2482 quae
137 2407 275 2474 docendo,
298 2405 441 2475 discendo,
463 2408 705 2478 communicando,
727 2409 837 2486 discep-

56 2487 163 2556 tando‚†
172 2485 326 2564 judicando
340 2485 470 2544 conciliat
486 2487 601 2545 interae
616 2487 756 2557 homines,
771 2506 836 2547 eon-

87 2598 228 2649 *Datame
243 2597 363 2647 habendi:
385 2597 413 2646 in
423 2597 579 2663 cmmideriug
595 2599 632 2648 ue
648 2599 790 2666 obligations
800 2613 836 2645 re·

57 2665 145 2726 eeioed,
156 2681 190 2716 roe
201 2671 268 2714 munt
277 2663 346 2714 maire
357 2679 419 2712 roure
429 2662 629 2740 diarmminotion.

303 2781 481 2830 *CHAPTER
498 2783 566 2830 XVI.

87 2883 99 2932 i
117 2878 281 2943 Dircepiaudo.
314 2879 353 2941 By
369 2879 489 3000 debotibng.
