1888 3222
72 173 131 228 ala
368 159 589 219 occurrens,

75 331 168 372 rerum
190 331 259 384 quas
281 311 429 390 cogitando
443 312 674 385 consequebatur,
689 330 782 384 nequo
796 315 884 372 otio·¹

76 409 140 450 snm
155 409 209 448 noc
226 388 318 449 solum
332 408 458 463 unquam
472 390 569 452 finisse.
610 390 674 447 Nos
696 402 802 462 autem,
817 394 873 465 qui

76 489 133 528 non
148 477 254 526 tantum
268 468 375 526 roboris
390 469 536 536 habemns,
550 477 582 525 ut
600 469 768 544 cogitatione
784 471 875 528 tacita

76 568 95 604 a
102 544 252 604 solitudine
262 545 462 614 abstrahamur,
472 545 506 604 ad
514 546 587 604 hanc
598 547 739 604 scribendi
750 567 874 624 operam

75 642 161 683 omne
189 623 313 682 studium
344 641 495 697 curamque
529 624 727 682 convertimus.
767 625 874 700 Itaque

77 702 158 778 plura
178 701 256 760 brevi
277 711 403 778 tempore
425 719 532 770 aversa,
556 709 639 776 quam
663 703 759 760 multis
784 705 873 764 annis

76 789 211 840 stentare
225 780 345 858 publica,
360 780 534 857 scripsimus.

76 951 169 1014 GAP.
197 953 236 1014 11.
280 953 394 1025 Quidue
416 952 619 1012 invitamentis
633 952 738 1032 filium
764 953 871 1014 Cicero

238 1031 278 1092 ud
285 1030 502 1112 philosophiam
514 1030 693 1090 adhortetur.
794 1064 798 1068 -

118 1175 181 1234 Snn
195 1194 260 1234 cum
274 1184 331 1234 tota
345 1174 534 1251 philosophia,
549 1175 588 1232 mi
604 1173 716 1242 Cicero,
731 1175 870 1252 frugifera

78 1262 108 1309 ct
126 1252 276 1320 fructuosa,
291 1271 344 1310 occ
363 1253 420 1309 ulla
439 1271 503 1328 pars
518 1253 580 1328 ejus
594 1253 698 1311 inculta
711 1273 743 1310 ac
757 1254 871 1312 deserta

79 1330 135 1396 sit;
149 1341 209 1388 tum
220 1331 312 1387 nuilus
324 1329 441 1386 feracior
450 1332 480 1387 in
491 1349 525 1388 ea
534 1331 613 1389 locus
622 1341 734 1398 estnec
742 1335 869 1402 uberior,
941 1317 942 1400 i

79 1425 164 1478 quam
184 1406 219 1464 dc
241 1406 352 1474 officiis,
367 1425 384 1462 a
405 1408 506 1477 quibus
521 1419 679 1468 constanter
692 1410 870 1485 honesteque

79 1483 192 1540 vivendi
214 1493 354 1559 praecepta
372 1483 517 1543 ducuntur.
559 1488 652 1553 Quare
666 1507 870 1566 quamquama
941 1527 942 1544 .

81 1559 218 1636 Cratippo
244 1570 350 1629 nostro,
372 1561 498 1639 principe
526 1564 610 1641 hujus
638 1567 780 1650 memoriae
805 1569 871 1645 phi·

79 1639 292 1713 losophorum*
303 1638 363 1698 haec
372 1651 403 1698 te
418 1641 529 1700 assiduo
539 1644 634 1702 audire
648 1655 729 1717 atquc
739 1664 870 1723 accipere
941 1679 942 1684 κ

79 1715 203 1784 confido,
223 1725 317 1775 tanien
337 1718 493 1776 conducere
516 1721 641 1791 arbitror,
662 1724 763 1780 talibus
786 1743 869 1784 aures
941 1717 942 1742 ¹

81 1805 142 1850 tuas
163 1795 279 1854 vocibus
301 1797 423 1871 undique
443 1798 667 1869 circumsonare3
689 1820 741 1862 nec
762 1821 822 1872 aas,
844 1805 870 1861 si

80 1873 142 1931 fieri
156 1875 255 1950 possit,
271 1875 423 1950 quidquam
437 1875 512 1935 aliud
525 1877 631 1936 audire.

122 1953 206 2020 Quod
226 1972 290 2012 cum
309 1955 440 2013 omnibus
462 1965 506 2011 est
527 1953 695 2025 faciendum,
709 1959 759 2029 qui
782 1959 869 2018 vitam
941 1979 942 2034 j

81 2032 228 2090 honestam
256 2033 366 2109 ingredi
388 2033 519 2110 cogitant,
547 2044 607 2092 tum
634 2035 708 2092 haud
735 2039 807 2106 scio,
834 2058 870 2097 an
941 2077 942 2102 r

81 2109 202 2173 naminii
222 2111 316 2190 potius
341 2129 425 2182 quam
447 2111 506 2170 tibi.
553 2111 682 2172 Sustines
707 2117 786 2176 enim
810 2135 869 2179 non

367 2315 526 2367 CHAPTER
540 2321 574 2368 11.

114 2439 129 2472 '²
145 2435 349 2505 Philosophorum.
380 2441 416 2489 At
426 2441 463 2489 rte
472 2443 534 2492 bend
542 2445 570 2509 os
576 2445 614 2494 the
621 2445 785 2512 philosophas
796 2452 826 2516 os
832 2453 870 2502 the

78 2509 176 2569 present
187 2501 242 2568 day.
273 2503 359 2553 Cicero
369 2505 420 2553 will
436 2513 478 2556 not
494 2516 537 2571 put
553 2510 606 2559 him
617 2529 648 2560 on
660 2529 676 2560 a
685 2513 746 2562 level
756 2516 818 2565 with
829 2519 870 2567 tba

82 2567 246 2631 philosophers
257 2567 287 2616 of
298 2567 426 2633 antiquity,
437 2571 537 2636 though,
548 2575 588 2623 lib
600 2576 625 2624 ii.
637 2591 657 2625 c.
668 2576 699 2636 2,
710 2578 751 2626 the
769 2583 869 2646 comph-

80 2638 149 2699 ment
160 2632 181 2679 is
192 2631 248 2693 prid
258 2638 284 2680 to
294 2631 345 2680 him
357 2650 384 2682 as
395 2633 449 2682 bein
479 2637 511 2686 iis
522 2639 652 2690 simillimo.

37 2706 42 2714 ·
112 2698 126 2748 †
143 2695 246 2744 Nemini.
278 2696 355 2754 Thus,
375 2696 442 2746 libi.
477 2716 499 2762 p.
508 2702 524 2750 i.
535 2705 566 2752 ad
577 2703 609 2762 Q„
621 2704 656 2763 F..
674 2707 726 2755 “Ut
744 2707 789 2758 tibi
808 2712 869 2760 tanti

81 2759 183 2807 honores
200 2759 344 2810 haberentur
358 2763 442 2826 quanti
459 2763 524 2824 haud
535 2768 587 2820 scio
597 2785 629 2820 an
640 2770 740 2823 nemini.
772 2774 869 2830 Thisis

40 2827 42 2832 '
80 2821 216 2889 equivalent
226 2823 362 2886 tosortossc
373 2827 470 2876 nemini.
