1882 3216
292 273 294 280 Ι
318 211 612 263 mancanxxxn.
823 213 860 268 no

73 353 201 430 Ajacem.
240 353 318 430 Ergo
332 353 432 412 histrio
448 355 503 413 hoc
521 355 626 413 videbit
645 355 673 412 in
693 371 787 422 scena,
802 373 860 413 non

69 433 178 502 videbit
192 433 304 508 sapiens
319 434 348 490 in
362 433 436 491 vital
476 434 521 491 nd
534 453 603 507 quas
617 435 701 510 igitur
714 453 758 490 res
776 434 861 510 aptis·

69 511 137 568 simi
154 513 269 578 erimus,
285 512 362 568 iniis
378 513 555 587 potissimum
567 513 779 570 elaborabimus.
808 503 879 569 sm*

69 589 222 660 aliquando
237 591 388 647 necessitas
403 609 454 647 nos
466 591 499 648 ad
511 611 545 648 ea
555 591 711 657 detruserit,
723 609 785 662 quae
795 609 861 649 nos·

71 667 106 724 tri
126 669 233 744 ingenii
255 687 311 726 non
331 679 420 735 erunt,
436 671 528 726 omnis
550 668 706 728 adhihenda
719 671 771 726 erit
783 687 858 736 cura,

70 745 225 813 meditatio,
239 747 391 822 diligentia,
403 757 486 816 ntea,
499 749 523 805 si
536 767 592 806 non
604 749 714 813 decore,
730 747 860 820 adquam

70 823 189 881 minIme
208 825 337 882 indecore
357 825 446 884 lacere
466 828 619 902 possimus.
662 827 725 883 Nec
742 836 797 882 tam
817 836 861 882 est

69 903 244 969 enitendum,
259 914 289 961 ut
302 905 384 970 bona,
399 923 461 974 quae
476 905 556 961 nobis
576 904 640 962 data
653 923 709 962 non
731 905 797 972 sint,
817 923 860 960 se·

70 998 200 1052 quamur,
215 1001 297 1052 quam
312 991 342 1039 ut
356 983 422 1040 vitia
435 983 584 1058 fugiamus.

70 1136 161 1196 CAP.
182 1139 308 1197 XXXII.
350 1137 396 1195 Dc
418 1137 542 1196 diuersis
567 1137 796 1197 conditionibus:
825 1137 860 1197 dc

257 1237 259 1240 ·
295 1215 427 1294 eligendo
442 1235 547 1294 genere
560 1217 638 1275 vita.

108 1376 155 1431 Ao
174 1374 280 1432 duabus
299 1375 335 1431 iis
355 1376 494 1449 personis,
509 1394 578 1446 quas
598 1393 684 1450 supra
696 1373 766 1441 dixi,
780 1375 860 1433 tertia

69 1453 231 1529 adjungitur
245 1472 329 1525 quam
340 1471 421 1509 casus
436 1454 532 1525 aliqui,
544 1463 590 1510 aut
604 1466 714 1529 tempus
729 1454 857 1530 imponit:

69 1541 168 1602 quarta
186 1532 280 1597 etiarn,
299 1549 382 1602 quam
402 1533 542 1588 nobismet
560 1532 615 1608 ipsi
635 1530 744 1607 judicio
764 1541 859 1590 nostro

69 1610 346 1666 accommodamus*
368 1609 545 1685 Namregna‚
554 1610 680 1686 imperia,
689 1610 857 1678 nobilitates,

69 1681 204 1754 honores,
220 1687 322 1754 divitae,
348 1706 428 1764 opes,
448 1707 546 1758 eaque,
565 1707 626 1759 qnae
646 1699 711 1746 sunt
729 1688 773 1744 his
793 1707 859 1746 con·

68 1767 162 1833 uana,
177 1767 206 1824 iu
221 1785 287 1822 casu
301 1768 363 1832 sita,
378 1766 550 1841 temporibus
562 1768 757 1840 gubernantur.
798 1766 859 1842 Ipsi

68 1854 163 1902 autern
185 1863 280 1920 gerere
300 1863 384 1916 quam
406 1863 555 1921 personum
581 1845 710 1910 velimus,
732 1854 860 1901 anostra

69 1923 212 1982 voluntate
232 1923 426 2000 proficiscitur.
467 1922 565 1994 Itaque
579 1941 611 1979 se
624 1922 672 1980 alii
686 1921 722 1978 ad
734 1921 859 1997 philoso-

321 2078 486 2130 CHAPTER
502 2076 608 2128 XXXII.

100 2212 117 2245 θ
130 2209 349 2262 Accmmodomua.
382 2211 437 2260 The
456 2211 548 2274 objects
567 2210 597 2259 of
608 2210 706 2275 inquiry
717 2210 777 2258 have
789 2211 858 2271 been,

67 2276 113 2326 Ist.
131 2276 208 2324 What
219 2277 240 2324 is
252 2276 394 2326 Incumbent
410 2293 442 2334 on
455 2275 514 2325 each
532 2292 597 2334 man,
609 2275 750 2324 considered
766 2276 857 2340 merely

67 2359 95 2390 as
107 2359 123 2390 a
134 2340 228 2389 human
246 2342 326 2406 being.
358 2341 396 2388 2d.
415 2341 445 2389 In
461 2357 625 2403 consequence
637 2341 665 2389 of
676 2341 715 2390 his
726 2340 859 2391 individual

68 2407 201 2454 character.
218 2405 256 2454 dd.
264 2407 351 2476 Cicero
358 2423 413 2454 now
421 2407 535 2468 proceeds
543 2412 567 2453 to
574 2405 668 2467 inquire
677 2408 744 2455 what
749 2421 790 2454 ere
798 2407 858 2455 each

67 2473 147 2520 man’s
158 2471 238 2520 duties
249 2472 275 2519 in
285 2487 449 2534 consequence
457 2472 487 2519 of
497 2471 538 2520 the
547 2471 653 2532 peculiar
662 2473 750 2520 station
759 2472 806 2519 and
813 2472 858 2519 clr-

68 2543 223 2584 cumstances
235 2537 261 2584 in
272 2536 353 2585 which
372 2535 403 2583 he
419 2536 525 2598 happens
536 2543 561 2584 to
571 2537 601 2584 be
613 2536 703 2597 placed.
735 2536 792 2583 And
808 2535 857 2583 dth‘.

68 2600 99 2648 In
116 2601 263 2666 conformity
274 2607 299 2650 to
310 2601 350 2648 the
362 2601 487 2649 character
506 2600 588 2648 which
605 2601 635 2648 he
656 2617 764 2649 assumes
775 2601 807 2662 by
819 2599 858 2647 his

68 2681 125 2714 own
147 2666 238 2714 choica.
273 2665 382 2724 Qrtatcor
401 2665 498 2730 gradus
520 2665 592 2728 facit.
625 2665 789 2713 ultumam.
822 2663 857 2710 II.
923 2699 924 2702 η

67 2729 144 2780 Suum
156 2732 272 2795 cujusque
292 2731 402 2779 indolem.
436 2729 485 2778 ΙΙΙ.
505 2729 565 2776 Vim
583 2744 663 2793 genua
680 2730 707 2774 In
727 2725 857 2786 quodcum

68 2796 210 2846 incidimus.
244 2795 286 2843 lv.
303 2795 419 2844 Studirnn
430 2793 463 2841 ad
483 2793 544 2856 quod
562 2792 680 2840 voluntate
698 2803 741 2835 nor
758 2787 857 2834 coaudi-

68 2876 130 2908 mus.
164 2860 328 2909 hlelsncthon.
