1896 3220
346 153 410 202 tto.
422 155 442 201 1.
460 153 536 204 cAP.
549 154 606 202 XX.
636 181 638 184 ·
832 155 866 210 61

79 290 228 370 largitores
242 304 271 352 et
284 295 403 363 factiosi,
418 305 449 354 ut
463 315 532 372 opes
548 315 631 369 quam
651 296 789 354 maximas
804 315 869 354 con·

81 383 244 444 sequantur,
259 383 287 431 et
301 376 358 432 sint
373 375 400 432 vi
413 376 507 452 potius
521 375 692 451 superiores,
714 393 797 446 quam
808 375 868 450 jus·

80 451 142 506 titia
157 470 247 526 pares.
288 452 345 510 Sed
368 471 425 524 quo
447 453 600 521 difficilius,
621 453 676 510 hoc
696 453 866 528 praeclarius.

80 527 202 664 {lendum
217 540 260 588 est
274 532 350 588 enim
365 543 486 609 tempus,
501 533 576 606 quod
586 533 696 608 justitia
709 551 807 590 vacare
821 531 868 588 de·

119 616 156 664 at.
296 627 299 634 ·

123 685 222 743 Fortes
244 688 327 763 igitur
347 698 374 746 et
397 688 572 764 magnanimi
587 698 652 746 sunt
665 687 795 755 habendi,
810 707 868 746 non

81 765 131 834 qni
151 765 265 832 faciunt,
291 767 341 824 sed
361 768 409 839 qui
429 767 594 842 propulsant
613 767 752 842 injuriam.
792 767 869 824 Vera

81 853 175 900 autem
188 854 215 900 et
225 845 337 920 sapiens
349 846 438 904 animi
444 844 616 920 magnitudo,
628 845 777 902 honestum
787 844 866 913 illud,

30 979 33 986 ,
81 921 159 992 quod
173 925 295 980 maxime
316 933 413 980 natura
432 924 567 994 sequitur,
582 923 612 980 in
631 922 711 980 factis
732 924 866 999 positum,

81 1017 139 1056 non
154 1001 184 1058 in
199 1002 286 1078 gloria
305 1002 430 1078 judicat:
452 1001 665 1078 principemque
686 1019 717 1056 se
731 1019 795 1058 esse
810 1020 867 1058 ma-

81 1079 151 1146 vult,
167 1099 251 1153 quam
265 1081 362 1138 videri.
405 1079 520 1138 Etenim
542 1079 590 1151 qui
610 1097 647 1136 ex
667 1097 759 1138 errore
779 1080 867 1155 impe-

80 1159 139 1216 ritae
156 1158 341 1216 multitudinis
355 1158 468 1235 pendet,
483 1158 530 1214 hio
550 1159 579 1215 in
601 1157 710 1234 magnis
726 1157 793 1214 viris
808 1176 866 1218 nou

79 1246 124 1293 est
148 1235 304 1294 habendus.
345 1237 490 1294 Facillime
513 1246 605 1294 antem
628 1235 663 1292 ad
687 1253 732 1293 res
748 1236 865 1312 injustas

80 1315 243 1391 impellitur,
258 1315 422 1388 utquisque
437 1315 573 1374 altissimo
588 1315 682 1373 animo
697 1325 749 1382 est,
771 1315 866 1392 gloriae

80 1393 244 1470 cupiditate.
283 1394 341 1460 Qui
353 1394 432 1452 locus
446 1403 490 1452 est
503 1411 569 1452 sane
584 1394 716 1460 lubricus,
729 1393 804 1466 quod
818 1395 867 1452 vix

81 1473 233 1539 invenitur,
261 1473 320 1544 qui,
342 1473 482 1530 laboribus
511 1473 650 1550 susceptis
677 1473 866 1548 periculisque

81 1551 175 1618 aditis,
191 1569 248 1608 non
259 1551 339 1624 quasi
354 1551 512 1610 mercedem
526 1570 618 1610 rerum
639 1563 779 1628 gestarum
794 1551 871 1608 desi·

81 1629 159 1688 deret
172 1629 311 1706 gloriam.-

114 1743 206 1844 car}
222 1785 289 1844 XX.
309 1783 474 1864 Nunquam
488 1803 548 1844 esse
559 1752 836 1862 rauomapcccaodi.

121 1927 245 1986 Onnrno
259 1927 338 1988 fortis
353 1929 463 1992 animus
477 1938 506 1986 et
522 1945 641 2004 magnus
662 1927 769 1985 duabus
784 1929 866 1985 rebus

83 2008 205 2066 maxime
218 2009 356 2064 cernitur:
379 2027 496 2081 quarum
509 2027 566 2065 una
586 2008 615 2064 in
629 2024 721 2064 rerum
742 2015 868 2064 externa·

75 2105 143 2144 rum
172 2085 372 2161 despicientia*
396 2088 517 2162 ponitur,
540 2104 605 2143 cnm
631 2103 794 2160 persuasum
819 2087 866 2154 sit,

83 2163 153 2222 nihil
168 2164 323 2232 hominem,
338 2165 393 2222 nisi
408 2165 484 2237 quod
506 2165 657 2222 honestum
677 2163 866 2237 decorumque

83 2245 127 2310 sit,
150 2253 197 2299 aut
219 2242 357 2308 admirari,
382 2252 428 2300 aut
448 2253 552 2318 optare,
569 2252 616 2299 aut
635 2254 766 2318 expetere
786 2262 868 2319 opor·

83 2334 158 2380 tere:
182 2319 307 2396 nullique
321 2321 426 2394 neqne†
439 2322 558 2389 homini,
571 2339 661 2394 neque
669 2322 867 2398 perturbationi

357 2461 520 2512 CHAPTER
536 2461 589 2512 XX.

113 2562 128 2593 θ
138 2557 313 2623 Despicieatt'o.
328 2560 392 2610 This
402 2568 468 2610 must
479 2568 521 2610 not
532 2563 561 2610 be
577 2562 722 2624 interpreted
734 2578 760 2610 ss
778 2577 868 2610 recem·

81 2625 201 2700 mending
211 2624 303 2686 perfect
314 2627 418 2690 apathy;
434 2629 477 2676 hut
487 2628 567 2676 rather
580 2629 621 2676 the
638 2627 762 2690 disregard
773 2626 803 2673 of
816 2627 869 2673 that

81 2689 164 2738 which
175 2689 219 2738 hes
236 2691 327 2754 wholly
338 2691 425 2740 within
441 2693 482 2741 the
498 2709 579 2755 power
595 2692 625 2741 of
636 2693 723 2749 others,
739 2705 766 2736 or
783 2688 812 2736 of
823 2689 868 2736 for·

81 2761 261 2884 tu‘lellullique
271 2835 352 2890 repere.
368 2821 425 2872 Tne
441 2837 484 2943 ull
495 2820 524 2871 ot*
534 2829 584 2871 two
593 2819 726 2884 negativos,
733 2815 760 2866 in
770 2831 786 2864 e
796 2831 868 2880 nege.
