1882 3216
62 182 118 236 120
254 170 258 179 '
349 175 397 226 DE
413 173 568 226 omens.

59 329 108 380 ant
120 322 150 382 in
164 319 353 379 ambulatione
373 338 471 378 seeum
492 319 555 396 ipse
573 318 751 387 medimna*
765 329 816 378 unt
833 319 860 376 si

60 401 128 472 quid
143 399 218 458 aliud
232 401 363 458 attentius
375 400 487 476 cogitet,
501 417 559 457 non
570 397 809 476 reprehendatur:
833 408 861 456 at

59 479 116 538 hoe
129 479 205 554 idern
220 479 246 536 si
267 479 296 538 in
317 479 448 538 convivio
469 477 562 545 faeiat,
578 479 750 538 inhumanus
766 479 861 536 videa-

60 567 114 626 tur,
137 558 249 616 inscitia
274 558 420 635 temporis.
461 557 520 616 Sed
540 576 583 626 ea,
606 575 661 633 qua
682 559 804 617 multum
826 558 860 616 ab

60 637 234 696 humanitate
254 636 424 714 discreparit,
446 645 486 705 ut,
501 637 527 694 si
547 638 611 709 quis
633 637 740 696 infore
754 648 860 706 cantet,

61 727 109 774 aut
122 715 147 773 si
161 734 217 789 qua
231 717 342 780 estella
356 735 458 793 magna
476 713 656 792 perversitas,
671 717 753 791 facile
775 733 862 796 appa·
927 783 928 802 χ

60 805 123 856 rent
138 813 196 864 nee,
207 815 309 874 magno
330 813 416 874 opere
438 793 660 854 admonitionem
674 805 703 854 et
717 807 861 873 praecepta

60 873 230 957 desiderent.
272 875 349 942 Quae·
364 885 456 935 autem
477 889 564 950 parva
576 875 706 934 videntur
727 893 792 933 esse
813 875 862 934 de·

60 953 136 1024 licta,
158 973 250 1029 neque
271 975 288 1013 a
307 955 405 1014 multis
423 953 543 1030 intelligi
563 964 694 1030 possunt,
709 956 744 1013 ab
765 955 803 1012 iis
817 966 863 1013 est

62 1033 224 1112 diligentius
252 1033 460 1094 declinandum.
503 1033 543 1090 Ut
563 1035 593 1092 in
621 1034 725 1094 fidibus
754 1045 804 1093 aut
830 1035 862 1093 in

61 1113 148 1184 tibiis,
170 1115 300 1188 quamuis
321 1115 446 1190 paullum
470 1111 641 1190 discrepent,
663 1123 757 1176 tamen
787 1113 818 1172 id
846 1133 862 1170 a

61 1193 170 1255 sciente
181 1193 364 1256 animadverti
373 1194 461 1261 solet:
483 1193 525 1250 sio
534 1192 780 1266 videndumestin
793 1194 861 1261 vita,

61 1289 98 1330 ne
118 1273 188 1330 forte
203 1271 271 1344 quid
291 1272 450 1348 discrepeta
472 1271 518 1328 vel
531 1271 635 1334 multet
651 1272 735 1330 etiam
757 1273 862 1350 magis,

62 1367 120 1424 quo
140 1351 231 1426 an'or
250 1351 399 1410 etmelior
423 1351 576 1420 astionem,
598 1369 683 1424 quam
711 1367 861 1420 sonorum,

62 1438 217 1486 concentus
231 1437 284 1484 est.

62 1593 151 1654 eAP.
172 1594 253 1653 XLI.
294 1592 426 1655 Minimo
440 1604 563 1674 peecata
581 1595 644 1656 esee
657 1597 806 1658 nitendo:
826 1599 863 1658 in

101 1673 187 1742 rebus
208 1673 307 1734 dubiis
328 1674 401 1753 quid
420 1676 590 1736 domininon
618 1676 711 1752 doetio
731 1678 861 1755 placeat,

101 1753 332 1912 pppprtiprzodum:
360 1755 512 1824 virtutem,
533 1757 699 1835 ubieunque
723 1758 773 1826 ait,
805 1757 862 1818 coli

101 1965 225 2036 lunone,
239 1981 274 2038 ut
290 1970 321 2028 in
336 1968 444 2046 ,fidibus
459 1967 632 2028 musicorum
649 1983 732 2026 aures
748 1969 795 2027 vel
809 1970 863 2028 mi-

63 2045 140 2106 nima
154 2049 299 2107 sentiunt:
321 2047 363 2106 sic
378 2049 440 2116 n'us,
453 2048 481 2105 si
492 2065 570 2106 aeres
583 2067 614 2106 ae
630 2047 781 2124 diligentes
795 2065 862 2107 esse

62 2127 194 2186 volumus
221 2125 464 2186 animadversores
489 2129 631 2202 vitiorum,
653 2142 757 2204 magna
783 2146 862 2207 saepe

96 2312 112 2344 *
123 2308 262 2358 Meditetur.
295 2309 350 2359 The
356 2311 461 2376 original
468 2311 585 2378 meaning
594 2310 623 2360 of
629 2309 679 2359 this
690 2311 750 2358 verb
759 2325 866 2373 appears

62 2381 88 2424 to
96 2374 157 2424 heve
168 2376 230 2424 been
241 2382 267 2424 to
275 2374 397 2435 retentae,
409 2393 436 2425 or
450 2378 557 2440 proetise
572 2376 721 2426 beforehend
732 2375 865 2426 recitation

61 2457 90 2490 or
101 2440 209 2506 singing.
242 2440 280 2489 Its
291 2440 424 2492 derivation
435 2457 493 2506 moy
502 2444 532 2490 be
543 2443 607 2494 from
621 2441 715 2492 Melos:
733 2441 759 2490 in
770 2441 866 2502 Greek,

47 2534 49 2541 ·
61 2507 102 2556 the
109 2523 177 2556 same
184 2507 350 2559 resemblance
357 2525 458 2572 eppeurs
464 2509 576 2557 between
583 2509 700 2571 μίδομαν,
707 2524 734 2556 or
741 2509 866 2570 μέδομιι,

61 2574 110 2622 end
131 2574 212 2635 μέλος.
245 2572 370 2637 speaking
390 2573 419 2622 of
437 2574 622 2634 Demosthenes,
639 2590 684 2624 our
706 2573 793 2622 author
818 2574 865 2623 hes

61 2637 122 2697 seid,
134 2639 172 2686 De
184 2639 251 2686 Orat.
263 2655 284 2686 e.
296 2637 333 2686 61.
342 2645 356 2666 “
364 2639 464 2700 persenit
480 2639 621 2689 meditando
630 2647 665 2688 nt
679 2655 753 2687 nemo
764 2639 865 2701 planius

61 2717 91 2750 eo
101 2703 197 2752 loeutus
210 2703 359 2766 putaretur.”
385 2703 442 2752 And
454 2701 601 2762 Quintilian,
613 2705 645 2753 iv.
656 2721 677 2752 e.
685 2703 709 2752 2.
720 2704 781 2754 cells
791 2710 807 2734 “
816 2705 865 2754 De-

61 2765 242 2825 elemetionem,
252 2767 387 2817 sorensium
399 2768 525 2816 notionum
536 2769 746 2826 meditationem.”
820 2797 827 2813 ι

93 2829 107 2880 †
127 2829 171 2879 Vel
182 2831 264 2880 multo.
298 2831 406 2895 Legend.
417 2831 489 2896 idque
505 2831 588 2892 multo,
600 2836 663 2896 quod
681 2850 766 2884 verum
782 2834 864 2884 unies.

62 2890 141 2956 Toup.
175 2894 207 2942 In
218 2897 259 2945 the
272 2895 343 2944 MSS.
355 2912 388 2945 no
399 2897 518 2946 veriation
530 2897 552 2946 is
564 2900 636 2948 noted
649 2899 736 2949 inthis
751 2915 864 2964 passage.
