1882 3216
352 201 417 250 Lm.
429 201 461 250 tt.
478 201 554 251 cAP.
566 201 609 250 1t¹.
818 198 869 254 ltl

86 351 225 406 vetustate
258 341 435 412 cecidissent,
469 345 524 402 nisi
559 343 717 402 communis
750 342 807 400 vite
839 341 873 400 ab

87 423 252 483 hominibus
266 423 365 480 harum
379 441 471 480 rerum
486 423 589 482 auxilia
602 433 696 498 petere
710 419 872 479 didicisset?

88 502 171 560 Adde
198 502 297 560 duetus
326 520 471 573 aquarum,
499 502 682 559 derivationes
713 500 873 563 fluminum,

90 597 220 656 agrorum
244 580 428 654 irrigationes,
452 580 540 638 moles
565 581 708 656 oppositas
732 578 874 641 fluctibus,

91 670 189 734 portus
199 677 283 716 manu
294 657 393 726 iactos,
402 677 465 731 quae
477 658 549 716 unde
560 660 622 716 sine
634 658 779 715 hominum
790 672 875 732 opere

91 735 193 794 habere
220 737 391 812 possemusi
431 737 480 794 Ex
504 738 615 809 quibus,
640 735 789 808 multisque
813 733 876 790 eliis

90 815 271 891 perspicuum
293 815 407 886 estqui
425 815 531 873 fructus
552 832 670 887 queque
689 815 820 871 utilitates
840 829 877 868 ex

90 893 175 950 rebus
189 893 235 960 iis,
249 911 312 964 quae
327 904 393 950 sunt
406 894 539 959 inanime,
554 893 751 969 percipientur,
763 909 810 948 eas
824 907 877 948 nos

90 969 170 1028 nulio
197 971 282 1028 modo
309 971 371 1028 sine
398 971 546 1028 hominum
572 989 657 1026 manu
684 981 766 1040 atque
794 985 879 1042 opere

90 1065 193 1125 capere
213 1049 350 1125 potuisse.
389 1048 446 1115 Qui
466 1047 587 1120 denique
601 1065 638 1104 ex
651 1047 748 1105 bestiis
763 1045 878 1112 fructus,

90 1136 140 1184 eut
163 1145 225 1199 quie
250 1127 444 1193 commoditas,
470 1127 527 1184 nisi
552 1127 682 1184 homines
707 1125 878 1201 adjuvarent.

129 1205 200 1281 rcipi
213 1206 330 1282 posseti
358 1205 436 1264 Nam
447 1215 475 1262 et
486 1204 534 1276 qui
546 1204 689 1280 principes
700 1198 880 1260 inveniendi*

103 1294 213 1350 uerunt,
241 1301 325 1355 quem
353 1303 390 1342 ex
417 1301 527 1356 quaque
554 1283 636 1340 belna
661 1299 745 1339 usum
778 1279 881 1339 hebere

89 1378 253 1438 possemus,
269 1362 399 1424 homines
420 1369 494 1419 certe
514 1361 642 1420 iirerunt:
665 1378 718 1419 nec
738 1360 793 1419 hoc
813 1367 881 1415 tem·

90 1457 163 1516 pore
184 1441 245 1498 sine
268 1441 416 1499 homiuum
439 1451 594 1515 operiant
617 1457 730 1515 pascere
754 1456 813 1505 eas,
836 1443 883 1494 eut

88 1515 217 1585 domare,
232 1528 280 1576 aut
300 1519 381 1587 tueri,
397 1528 444 1577 aut
464 1519 646 1595 tempestivos
667 1517 772 1578 fructus
787 1533 823 1574 ex
836 1514 882 1572 his

89 1613 194 1671 cepere
221 1611 387 1688 possemus:
423 1599 456 1655 ab
487 1595 650 1671 eisdemque
683 1606 712 1654 et
740 1613 792 1664 eae,
821 1609 883 1666 que

90 1684 207 1742 nocent,
222 1675 440 1750 interficiuntur:
467 1683 494 1734 et
514 1692 576 1747 quae
597 1674 661 1732 usui
676 1683 796 1750 possunt
809 1688 883 1738 esse,

89 1753 253 1828 capiuntur.

134 1830 212 1896 Quid
225 1849 387 1890 enumerem
402 1833 502 1890 artium
516 1829 734 1895 multitudinem,
749 1829 810 1886 sine
825 1825 885 1900 qui·

90 1910 148 1968 bus
163 1909 219 1966 vite
232 1911 348 1970 omnino
363 1928 426 1968 esse
441 1909 599 1986 potuisset?
631 1905 703 1972 Quis
715 1906 792 1963 enim
804 1904 885 1981 egris

89 1988 266 2055 subveniret,
286 2007 349 2060 quae
376 1999 453 2046 esset
479 1985 626 2045 oblectatio
652 1982 815 2050 valentium,
837 1980 886 2054 qui

92 2066 200 2132 victus,
226 2075 273 2123 aut
297 2067 399 2134 cultus,
425 2065 482 2123 nisi
507 2075 564 2121 tarn
589 2064 682 2121 multoe
707 2062 789 2121 uobis
814 2069 886 2118 artes

90 2143 297 2211 ministrarent,
312 2145 414 2216 quibus
435 2145 518 2201 rebus
539 2141 650 2199 exculta
669 2142 816 2200 bominum
831 2138 889 2195 vite

90 2232 203 2280 tuntum
218 2221 302 2280 distat
322 2243 339 2278 a
359 2224 433 2280 rictu
448 2231 476 2278 et
489 2221 565 2278 cultu
579 2219 753 2278 bestiarum?
795 2217 888 2276 Urbes

90 2319 164 2358 vero
191 2299 254 2370 eine
282 2300 430 2358 bominum
457 2309 531 2357 coetu
558 2317 614 2356 non
643 2299 802 2376 potuissent
835 2311 889 2354 nec

87 2378 237 2446 aedificeri,
253 2397 305 2436 nec
319 2378 504 2450 frequentari:
527 2395 564 2434 ex
577 2396 634 2449 quo
646 2377 724 2456 leges
736 2391 888 2446 moresque

87 2457 248 2522 constituti,
277 2468 335 2513 tum
366 2458 439 2532 juris
467 2475 548 2528 aeque
577 2455 729 2532 descriptio
757 2463 888 2522 certaque

90 2534 209 2595 vivendi
224 2534 382 2611 discipline.
425 2534 560 2606 Quaeres
581 2544 610 2590 et
628 2531 812 2592 mansuetudo
828 2527 889 2586 ani.

90 2739 233 2790 Lambinus
250 2740 373 2799 considers
391 2740 433 2789 the
450 2755 551 2804 pessege
568 2753 596 2788 es
613 2735 728 2800 probably
744 2728 885 2792 containing

91 2820 167 2856 some
179 2821 205 2856 as
216 2811 258 2870 yet
268 2806 411 2854 uudetected
422 2820 495 2854 error.

131 2871 146 2902 ¹
163 2867 294 2934 Principes
305 2869 451 2918 inveniendi.
489 2868 564 2916 Tbose
576 2865 626 2914 wiso
630 2865 693 2926 first
704 2855 847 2910 discovered.
