1890 3224
313 205 378 258 LlB.
385 208 430 257 111.
447 207 524 257 cAP.
535 207 592 260 XX.
788 211 846 266 273

57 350 173 428 nonita
192 367 343 427 magnum
365 351 435 409 illud
455 360 557 418 autem,
573 351 648 424 quod
669 369 753 409 exeo
773 350 845 426 pari·

56 439 114 497 tur,
143 447 326 506 permagnum
354 430 482 489 videtur:
508 441 539 488 ut
568 431 667 498 Mario,
696 430 844 506 preripere

58 509 178 585 collegis
192 519 220 565 et
233 509 351 566 tribunis
365 510 405 585 pl.
421 509 583 585 popularem
599 510 724 586 gratiam,
739 509 847 566 nonita

58 597 164 664 turpe;
186 587 331 644 consulem
356 589 391 646 ob
416 607 478 645 eam
498 607 558 645 rem
580 589 670 655 fieri*
691 587 767 662 quod
790 585 845 644 sibi

58 677 121 724 turn
135 677 330 742 proposuerat,
345 666 425 724 valde
439 665 506 724 utile
521 666 673 724 videbatur.
715 665 772 724 Sed
786 684 845 723 om·

58 745 142 804 nium
155 762 212 801 una
224 745 319 821 regula
333 754 385 813 eet,
400 764 485 818 quarn
499 746 549 803 tibi
569 745 654 820 cupio
674 763 738 802 esse
758 745 845 802 notis·

60 824 186 882 simam:
208 833 255 880 aut
278 823 357 892 illud,
378 824 455 896 quod
477 824 545 881 utile
567 822 685 891 videtur,
706 833 787 898 turpe
808 841 843 880 ne
862 829 865 837 ’

59 901 118 970 sit;
141 909 197 970 aut,
212 901 237 958 si
250 910 330 978 turpe
344 913 396 970 est,
409 921 445 960 ne
456 901 582 958 videatur
592 919 655 958 esse
666 901 743 959 utile.
768 900 845 968 Quid

60 980 168 1056 igitur?
190 998 378 1055 possumusne
393 990 440 1038 aut
453 980 533 1037 illum
546 980 670 1038 Marium
685 980 776 1036 virum
797 981 846 1038 bo·

60 1077 130 1117 nunt
141 1057 277 1136 judicare,
292 1070 340 1117 aut
358 1059 433 1117 hune
443 1058 469 1120 li
497 1058 620 1134 Explica
633 1067 715 1130 atque
729 1061 847 1131 exentess

59 1137 273 1214 intelligentiam
286 1147 373 1206 tuam,
387 1147 419 1194 ut
437 1135 544 1202 rideas,
558 1155 620 1210 quse
636 1136 718 1195 sitin
731 1154 765 1194 ea
778 1153 845 1212 spe·

59 1217 131 1284 oies,
144 1217 242 1284 sonna,
257 1225 286 1274 et
297 1217 376 1275 notio
390 1215 443 1272 riri
454 1215 531 1272 boni.
739 1272 743 1280 ,

100 1293 187 1353 Cadit
210 1313 277 1372 ergo
301 1296 332 1353 in
356 1294 448 1353 virum
471 1294 577 1354 bonurn
601 1292 714 1352 mentiri
738 1291 845 1351 emolu-

58 1374 150 1433 menti
172 1373 217 1431 sui
236 1391 345 1442 caussa,
368 1373 520 1441 criminari,
542 1371 702 1450 preripere,
727 1371 845 1431 falleret

60 1451 147 1512 Nihil
160 1451 287 1528 prolecto
307 1453 412 1510 minus.
452 1452 508 1510 Est
528 1470 595 1530 ergo
618 1451 676 1510 ulla
698 1470 743 1511 res
765 1452 845 1519 tanti,

59 1540 109 1590 aut
132 1529 313 1590 commodum
336 1531 424 1592 ullum
449 1539 506 1589 tem
528 1530 728 1608 expetendum,
744 1541 775 1589 ut
793 1529 847 1588 viri

59 1611 129 1670 boni
143 1619 171 1668 et
184 1609 362 1686 splendorem
376 1619 405 1669 et
417 1627 521 1668 nomen
542 1611 672 1671 emittas!
704 1608 780 1679 Quid
794 1617 847 1678 est,

60 1687 139 1763 quod
153 1688 252 1747 efferre
265 1699 371 1748 tantum
378 1688 481 1747 utilitas
491 1689 544 1746 ista
554 1706 617 1760 quae
626 1689 735 1757 dieitur,
746 1689 847 1765 possit,

61 1777 199 1841 quantum
226 1768 343 1836 anferre,
365 1767 391 1826 si
414 1767 481 1824 boni
501 1766 554 1824 viri
574 1785 679 1824 nomeu
703 1767 846 1842 eripuerit,

61 1845 149 1905 fidem
170 1846 364 1924 justitiamque
387 1844 558 1904 detraxerit?
580 1843 659 1910 Quid
683 1845 759 1902 enim
779 1845 848 1902 inte-

59 1935 130 1994 rest,
144 1935 237 1985 utrum
261 1945 299 1984 ex
319 1925 435 1985 homine
448 1941 481 1982 se
502 1923 566 1997 quis
588 1921 726 1997 conserat§
748 1921 778 1980 in
801 1923 848 1979 be·

92 2083 109 2116 ⁴*
120 2080 157 2130 Οὔ
165 2097 218 2131 eum
227 2097 279 2132 rem
280 2082 351 2145 fieri.
381 2079 437 2130 The
448 2079 572 2129 oonsulata
580 2079 611 2128 ho
621 2093 695 2128 never
705 2078 747 2128 did
758 2076 849 2136 attain3

59 2145 133 2196 when
150 2153 237 2210 pretor
248 2147 285 2197 for
296 2148 337 2196 the
354 2147 444 2197 seoond
460 2147 527 2205 time,
544 2146 575 2195 he
586 2160 638 2193 was
649 2144 777 2194 murdered
787 2143 849 2193 with

59 2212 250 2290 eirenenstanees
262 2213 292 2263 of
302 2219 373 2278 great
389 2211 521 2277 burnio,
532 2211 559 2260 in
575 2209 663 2275 Syllu’s
681 2210 848 2276 proscription.

58 2275 549 2396 ”i‘dltff'illutaaouaua

92 2405 227 2472 ssEspliao
245 2415 315 2472 atque
336 2413 427 2456 acute.
458 2407 569 2456 Another
593 2404 697 2457 allusion
720 2413 746 2455 to
765 2406 848 2455 inuste

59 2471 135 2522 ideas.
172 2471 322 2536 Urtsoldarrd
338 2487 393 2520 care
406 2470 579 2536 ullyeeamim
642 2473 761 2521 rreosom'
807 2469 848 2534 sa·

59 2536 155 2596 cultius,
166 2538 194 2584 irr
208 2536 278 2586 order
288 2543 312 2585 to
323 2471 431 2614 deoedpe
444 2535 483 2583 tte
496 2535 564 2612 sorra
578 2542 589 2583 t
617 2551 643 2612 τι
653 2487 826 2601 μεειηιεῗιῇ
832 2550 848 2582 a

59 2601 716 2731 ltt‘lttllrtletllt'tlt'tt‘t‘lttl?⁰¹
731 2599 848 2665 ‘mm‘

94 2730 107 2790 d
125 2683 247 2796 Consedere
259 2731 288 2780 ul.
300 2723 438 2781 amoenat:
454 2703 536 2781 witich
547 2685 568 2779 ig
580 2731 621 2780 the
632 2730 733 2805 reading
743 2726 773 2804 ot*
784 2735 849 2777 most

62 2790 134 2844 MSS.
155 2797 287 2845 eonfirmed
300 2799 333 2862 by
350 2797 391 2846 the
411 2803 517 2847 extraets
533 2797 562 2845 of
575 2797 647 2846 Bede.
679 2795 744 2843 Ovtd
762 2793 848 2841 indeed

61 2861 135 2912 twiee
145 2877 201 2911 uses
212 2861 253 2911 tlte
265 2865 322 2912 verb
333 2863 360 2911 in
371 2863 412 2911 the
427 2869 486 2922 text,
497 2863 523 2910 iu
534 2863 583 2912 thie
594 2876 671 2910 sense.
702 2858 811 2908 Contulit
822 2859 848 2908 iu

62 2941 158 2986 aarum,
170 2926 270 2977 Metam.
282 2929 312 2977 ir.
322 2927 437 2977 trs-in
448 2927 571 2976 voluntem
582 2925 624 2974 xii.
632 2923 688 2972 245.
