1888 3222
310 185 380 236 nn.
394 186 427 236 n.
447 185 526 236 cru.
536 185 593 239 xn.
800 189 855 248 ιω

63 403 158 464 ΟΔΡ.
178 403 248 479 ΧΠ.
289 403 383 484 eujus
402 406 445 464 rei
469 423 574 464 caussa
595 377 678 484 reges
698 369 849 466 enutritura·

103 483 176 552 rint,
190 501 242 542 ner
259 500 321 542 non
339 491 368 542 et
388 482 488 562 leger,-
508 503 572 562 qua
593 486 633 544 rr't
648 485 700 545 viu
707 485 848 563 prosimu

103 561 145 620 ad
156 559 295 639 gloriam.
732 605 737 614 .

103 717 186 776 Mun
205 717 317 790 quidem
338 737 394 776 non
414 719 486 796 apud
510 699 612 780 Medus
637 721 738 788 solum,
758 730 791 780 ut
811 721 850 780 ait

64 795 257 864 Herodotus*
285 795 335 854 sed
361 797 445 854 etiam
472 799 546 874 apud
572 799 693 875 majores
726 809 848 867 nostros,

60 874 178 950 justitie
188 873 310 932 frueudae
324 893 432 943 caussa,
441 876 570 940 videntur
580 877 647 935 olim
661 877 732 934 bene
746 878 845 935 morati
935 921 937 928 .

63 969 145 1030 reges
172 953 323 1010 constituti.
365 953 440 1012 Nam
467 973 531 1012 eum
559 949 730 1030 premeretur
762 955 845 1031 inops

64 1029 213 1088 multitudo
234 1031 268 1088 ab
289 1031 335 1098 iis,
350 1032 398 1102 qui
420 1032 540 1107 majores
560 1051 629 1107 opes
649 1031 796 1098 habebant,
811 1032 846 1090 ad
915 1101 917 1106 Ι

63 1127 152 1166 unum
173 1108 293 1181 aliquem
313 1109 518 1184 confugiebant,
533 1112 632 1166 virtute
652 1119 844 1185 praestantem3

64 1187 112 1258 qui
136 1203 202 1244 cunr
228 1187 389 1262 prohiberet
414 1187 515 1264 injuria
542 1188 691 1254 tenuiores,
718 1188 845 1259 aequitate

62 1263 256 1322 constituenda
265 1283 391 1323 summos
403 1283 468 1322 cum
476 1266 581 1324 infimis
591 1265 650 1340 puri
656 1266 720 1342 jure
728 1266 848 1324 tenebat.

63 1341 228 1416 Eademque
239 1343 491 1402 constituendarum
502 1345 596 1420 legum
607 1344 659 1400 suit
668 1363 776 1412 caussa,
785 1363 847 1416 quae

63 1439 172 1498 regum.
211 1419 264 1478 Jus
275 1421 351 1478 enim
361 1439 473 1497 semper
482 1433 526 1480 est
535 1423 683 1496 quaesitum
694 1423 844 1496 aequabile:

63 1517 156 1570 neque
170 1499 246 1556 enim
260 1499 338 1556 aliter
351 1510 426 1557 esset
434 1501 493 1575 jus.

101 1577 137 1636 Id
150 1576 176 1633 si
189 1577 223 1635 ab
235 1595 292 1634 uno
301 1577 379 1654 justo
392 1588 421 1634 et
433 1580 507 1638 bono
520 1578 580 1637 viro
594 1575 844 1652 consequebantur,

62 1666 141 1714 erant
162 1673 197 1712 en
216 1655 348 1712 contenti.
389 1654 465 1712 Cum
491 1657 521 1716 id
546 1658 639 1714 minus
663 1658 845 1733 contingeret,

61 1734 140 1810 leges
154 1743 220 1790 sunt
231 1733 360 1800 inventa,
372 1751 434 1805 quae
448 1752 513 1790 eum
526 1735 656 1792 omnibus
668 1753 781 1810 semper
791 1754 847 1793 una

61 1821 144 1886 atque
158 1810 255 1868 eadem
268 1829 338 1868 voce
348 1811 535 1883 loquerentur.
575 1811 653 1887 Ergo
664 1810 719 1869 hoc
730 1811 844 1882 quidem

57 1889 242 1967 perspicuum
255 1899 307 1954 est,
319 1906 368 1946 eos
382 1888 416 1946 ad
430 1887 623 1964 imperandum
633 1887 722 1964 'deligi
736 1889 844 1956 solitos,

57 1984 181 2042 quorum
192 1965 226 2024 de
233 1966 341 2042 justitia
351 1985 451 2043 magua
462 1977 537 2024 esset
545 1966 641 2042 opinio
649 1964 844 2024 multitudinis.

58 2046 202 2123 sejuncto
215 2063 291 2112 vero,
305 2055 336 2102 ut
348 2044 433 2104 iidem
447 2046 531 2104 etiam
545 2043 694 2122 prudentes
713 2043 847 2102 haberen-

58 2135 116 2193 tur,
131 2123 203 2182 nihil
213 2132 285 2191 erat,
300 2123 375 2195 quod
395 2123 525 2182 homines
545 2123 590 2182 bie
611 2123 768 2192 auctoribus
788 2141 844 2182 non

59 2219 147 2279 posse
181 2202 315 2272 consequi
341 2220 372 2258 se
400 2202 602 2260 arbitrarentur.
643 2200 731 2259 Omni
763 2202 847 2278 igitur

58 2281 169 2339 ratione
188 2279 304 2337 ostenda
317 2289 345 2336 et
357 2281 500 2338 retinenda
515 2280 623 2358 justitia
642 2289 694 2348 est,
709 2290 768 2337 tum
782 2279 844 2356 ipsa

61 2373 112 2434 per
125 2375 189 2416 sese
205 2355 280 2436 (nam
291 2358 369 2415 aliter
378 2359 487 2434 justitia
496 2377 553 2416 non
562 2356 648 2436 esset)
661 2368 719 2417 tum
730 2369 844 2435 propter

56 2435 585 2514 amplificationemhonorisetgloriae.
614 2436 710 2496 Sedut
717 2437 842 2516 pecunie

333 2658 497 2710 CHAPTER
512 2659 571 2710 XII.

90 2793 105 2825 ἕ
122 2756 264 2838 uerutus.
296 2787 336 2836 He
347 2789 440 2846 relatas,
446 2787 486 2838 lib
498 2788 527 2846 1.‚
535 2789 568 2852 by
577 2789 643 2839 whut
654 2801 738 2836 meane
745 2785 846 2834 Deioees

56 2855 173 2908 owed
184 2853 225 2902 tlte
235 2853 395 2917 sovereignty.
