1882 3216
335 175 402 228 nra.
417 177 439 228 1.
470 175 609 228 canxn.
814 183 871 240 rte

75 329 192 400 agentur
202 330 250 380 aut
260 320 397 390 dicentur,
408 319 475 382 loco
487 341 541 382 suo
551 321 788 384 collocandamm.
828 323 872 382 lta

76 401 186 459 ridetur
205 401 304 460 eadem
326 402 370 460 vis
391 402 497 460 ordinis
523 413 551 459 et
578 403 770 462 collocationis
798 403 869 462 sore.

77 476 153 538 Nam
169 479 229 559 [et]
251 480 379 540 ordinem
400 481 443 538 sie
464 481 610 550 definiunt,
632 482 869 558 compositionem

75 575 168 619 rerum
190 560 262 637 aptis
283 570 312 618 et
331 559 550 618 accommodatis
570 561 652 619 locis.
692 561 800 620 Locum
823 579 871 620 an-

75 639 133 696 tem
145 639 274 708 actionis,
287 640 524 716 opportunitatem
537 641 672 718 temporis
686 659 750 698 esse
762 638 868 700 dicunt.

76 715 206 800 Tempus
244 727 338 782 autem
377 719 505 786 actionis,
541 731 730 796 oppurtunum
768 719 870 778 Gracc

75 795 200 875 εὐκαιρία,
211 797 312 877 Latine
324 798 479 874 appellatur
490 800 614 858 occasio.
654 799 704 856 Sic
714 799 755 868 fit,
769 810 799 857 ut
810 817 870 858 mo·

74 877 166 936 destia
196 876 268 944 haec,
299 895 384 949 quam
415 877 454 950 ita
484 878 708 954 interpretamur,
737 888 768 935 ut
797 877 868 946 dixi,

73 956 200 1014 scientia.
213 956 251 1014 sit
268 955 484 1037 opportunitatis
499 955 665 1014 idoneorum
680 955 714 1014 ad
729 956 868 1033 agendum

73 1048 244 1112 temporum.
287 1065 291 1073 =
632 1107 634 1112 s

113 1113 174 1174 Sed
194 1123 287 1191 potest
306 1113 405 1172 eadem
425 1132 489 1172 esse
504 1112 657 1190 prudentie
675 1113 811 1180 delinitio,
832 1111 868 1172 de

72 1213 130 1266 qna
145 1195 284 1270 principio
298 1193 442 1252 diximus:
464 1193 519 1266 hoc
533 1203 625 1252 autem
645 1194 710 1252 loco
723 1193 758 1250 ds
772 1191 869 1250 mode·

71 1275 192 1341 ratione,
213 1285 242 1330 et
262 1271 454 1350 temperantia,
476 1283 505 1330 et
524 1291 619 1332 earum
647 1272 788 1331 similibus
814 1273 869 1330 vir·

72 1354 180 1410 tutibus
199 1353 364 1424 querimus:
402 1350 509 1424 Itaque,
532 1370 593 1424 quae
615 1363 693 1411 eraut
713 1351 867 1428 prudentiae

72 1432 198 1508 propria,
214 1451 267 1490 suo
286 1432 351 1502 loco
372 1429 445 1490 dicta
461 1441 534 1490 sunt
575 1431 646 1498 Qun
660 1441 753 1490 autem
767 1431 868 1490 harum

72 1513 219 1576 virtutum,
235 1509 269 1570 de
290 1511 391 1583 quibus
404 1511 469 1588 ¹jam
490 1510 537 1570 diu
555 1511 707 1584 loquimur,
723 1530 785 1584 quae
806 1528 868 1586 per·

72 1591 165 1650 tinent
186 1587 222 1648 ad
242 1586 450 1656 verecundiam,
471 1591 554 1648 etad
574 1609 671 1649 eorum
691 1589 869 1668 approbatio-

72 1689 151 1738 nem,
167 1671 268 1744 quibus
283 1689 348 1726 cum
363 1668 495 1738 vivimus,
510 1689 585 1727 nuuc
600 1669 719 1726 dicenda
731 1679 807 1736 sunt.
822 1715 824 1726 t

113 1749 196 1807 Talis
211 1759 256 1806 est
272 1749 355 1821 igitur
374 1745 444 1806 ordo
465 1749 604 1806 actionum
627 1747 812 1814 adhibendus,
828 1757 867 1814 ut,

72 1847 159 1904 quem¹
175 1829 209 1886 ad
229 1821 342 1887 modum
358 1827 387 1884 in
402 1827 527 1884 oratione
547 1827 696 1890 constanti,
712 1827 754 1882 sic
768 1825 797 1882 in
812 1826 869 1882 vita
926 1825 931 1838 '

72 1909 171 1966 omnia
184 1907 242 1965 sint
255 1919 319 1982 apta
332 1912 406 1966 inter
424 1923 455 1962 se
476 1916 504 1963 et
524 1902 728 1962 convenientia.
769 1903 868 1980 Turpe

74 1999 118 2044 est
131 1987 209 2044 euim
223 1985 360 2058 valdeque
375 1984 519 2052 vitiosum,
535 1985 562 2042 in
575 2001 612 2062 ‘re
633 1999 731 2040 severa
744 1982 868 2040 convivii

72 2065 157 2136 dicta,
180 2075 228 2123 aut
247 2065 395 2124 delicatum
425 2065 547 2136 aliquem
573 2062 675 2120 inferre
696 2079 867 2123 sermonem.

73 2144 154 2206 Bene
177 2145 312 2211 Pericles,
327 2162 392 2202 cum
408 2143 522 2203 haberet
542 2142 679 2218 collegam
700 2141 730 2220 iu
751 2151 870 2216 praetura

73 2223 249 2302 Sophoclea,
270 2224 357 2296 hique
378 2222 413 2281 de
441 2222 585 2283 communi
605 2221 700 2279 officio
721 2221 869 2280 convenis·

74 2313 147 2368 seut,
164 2315 193 2360 et
204 2322 273 2372 casu
287 2303 428 2363 formosus
441 2321 510 2378 puer
521 2300 681 2378 praeteriret,
694 2299 869 2373 dixissetque

74 2381 245 2458 Sophocles,
281 2381 339 2442 “O
375 2381 683 2460 puerumpulchmm,
716 2379 826 2438 Pericle
837 2377 866 2436 l”

77 2464 142 2520 “At
156 2461 232 2519 enim
255 2472 413 2538 pretorem,
429 2461 582 2538 Sophocle,
598 2459 677 2516 decet
696 2478 754 2516 non
775 2458 869 2516 solum

75 2557 186 2609 manus,
201 2539 252 2598 sed
267 2540 462 2600 etiam‘uculos
478 2541 648 2597 abstinentes
664 2537 798 2596 habere.'’
820 2536 869 2592 At·

75 2638 129 2692 que
150 2620 205 2678 huc
227 2619 303 2681 idem
324 2620 483 2695 Sophocles
505 2619 530 2676 si
544 2619 574 2676 in
592 2617 757 2676 athletarum
771 2613 869 2692 proba-

76 2699 150 2757 tione
165 2699 295 2768 dixisset,
305 2700 383 2776 justa
395 2699 616 2777 reprehensione
633 2695 787 2752 caruisset:
809 2701 867 2747 tan-

75 2787 101 2836 ta
114 2779 158 2836 vis
173 2790 217 2836 est
229 2788 259 2836 et
271 2777 337 2846 loci,
350 2789 378 2835 et
391 2777 537 2852 temporis.

112 2857 164 2928 Ut,
179 2857 278 2932 siqui,
294 2875 359 2916 cum
380 2871 509 2914 caussam
531 2855 568 2912 sit
588 2860 708 2916 acturus,
724 2848 752 2910 iu
767 2847 867 2935 itinere
930 2905 931 2910 ,

915 2915 931 2976 l
