1882 3216
84 197 123 253 90
370 191 419 240 nu
438 190 593 240 osricus.

86 449 175 508 cAP.
202 446 314 505 XXXI.
359 443 455 518 Suum
473 443 640 520 ingenium,
663 449 690 500 et
709 461 839 511 noscere,
855 451 881 502 et

125 526 207 604 aequi
217 548 230 596 ‚-
251 532 279 583 et
289 525 432 583 bonorum
445 522 625 581 elvitiorum
636 539 771 592 suorum,
783 540 880 582 acrem

117 604 253 684 judicem
267 621 297 662 se
310 621 450 681 quemque
458 601 597 680 prebere.

125 762 275 820 Annonun
290 761 383 838 intem
397 759 518 818 tenenda
537 768 603 817 sunt
621 777 673 824 sua
692 759 808 831 cuique,
823 779 882 818 non
936 773 937 804 r

85 842 197 910 vitiosa,
217 841 268 898 sed
288 850 382 898 tamen
395 841 519 918 propria,
539 857 595 911 quo
610 838 719 895 facilius
734 836 882 906 decorum,

14 953 18 962 ·
86 920 164 987 illud,
182 920 258 993 quod
282 921 445 992 querimus,
471 919 630 977 retineatur.
671 917 720 973 Sic
739 917 821 974 enim
840 928 884 975 est

86 999 255 1068 saoiendum,
271 1008 302 1057 ut
315 1010 411 1058 eontra
420 999 581 1056 universam
594 1003 721 1052 natinam
731 995 806 1052 nihil
817 1015 883 1054 con-

85 1079 247 1137 tendamus:
263 1098 297 1136 ea
307 1088 400 1136 tamen
412 1085 584 1144 conservata,
599 1075 743 1151 propriam
753 1083 884 1132 naturam

86 1178 251 1231 sequamur3
265 1167 306 1226 ut,
319 1159 403 1214 etiam
417 1157 442 1213 si
456 1157 513 1212 sint
524 1155 578 1212 alia
594 1155 721 1230 graviora
734 1161 885 1226 atqueme·

85 1237 165 1302 liora,
191 1247 284 1294 tamen
308 1254 361 1293 nos
386 1233 487 1302 studia,
512 1242 614 1292 nostrae
633 1234 756 1289 naturae*
774 1233 884 1308 regula,

86 1316 244 1372 metiamur.
286 1313 388 1384 Neque
408 1313 485 1370 enirn
511 1313 608 1369 attinet
622 1315 779 1388 repugnare
804 1321 885 1368 netu·

86 1412 134 1461 rae,
149 1411 202 1449 neo
217 1390 370 1463 quidquam
384 1391 475 1462 sequi,
491 1391 566 1464 quod
580 1391 694 1462 assequi
711 1408 769 1448 non
783 1407 885 1462 queas».

87 1472 136 1529 Ex
153 1489 209 1542 quo
229 1469 319 1544 magis
340 1469 468 1544 emergit,
489 1469 571 1541 quale
591 1470 628 1535 sit
647 1467 781 1525 decorum
801 1468 884 1536 illud,

87 1549 162 1614 ideo,
185 1547 251 1620 quia
267 1546 338 1604 nihil
352 1545 434 1604 decet
445 1546 551 1617 invita,
572 1558 603 1605 ut
622 1548 710 1614 aiunt,
730 1543 883 1615 [itinerum

87 1626 180 1694 idest,
197 1625 359 1683 adversante
374 1635 403 1682 et
415 1637 588 1703 repugnante
603 1635 709 1682 natura.

128 1705 254 1763 Omnino
268 1705 293 1762 si
307 1704 460 1779 quidquam
472 1715 516 1762 est
526 1705 669 1772 decorum,
681 1703 754 1762 nihil
764 1713 810 1760 est
820 1723 884 1780 pro·

87 1785 160 1843 fecto
174 1785 275 1862 magis,
291 1803 375 1857 quarn
390 1785 561 1857 aequabilitas
580 1783 719 1858 uniuersae
733 1783 808 1850 vitee,
822 1793 881 1840 tum
936 1831 937 1842 t

88 1863 261 1942 singularum
281 1865 437 1932 actionum
459 1882 544 1937 quam
559 1880 724 1920 conservare
743 1881 802 1920 non
817 1880 882 1940 pos·

87 1946 139 2010 sis,
154 1945 309 2019 sialiorum
323 1953 449 2002 nonnam
463 1943 576 2000 imitans
591 1941 702 2000 omittas
716 1949 806 1998 tuam.
843 1941 883 1998 Ut
936 1931 937 2026 l

88 2026 165 2082 enim
179 2042 309 2082 sermone
323 2041 358 2081 eo
372 2021 507 2104 debemus
521 2021 572 2089 uti,
588 2021 636 2092 qui
650 2029 736 2078 natus
745 2029 775 2076 et
787 2019 881 2085 nobis,
936 2031 937 2096 t

349 2211 514 2261 CHAPTER
530 2210 621 2260 XXXI.

120 2345 135 2376 θ
146 2340 234 2392 Studia
246 2349 333 2392 nostre
349 2350 450 2392 natare.
483 2343 538 2392 The
549 2342 621 2391 MSS.
632 2357 692 2407 very
703 2343 814 2392 between
830 2357 887 2392 noe·

87 2417 135 2468 tre,
146 2414 170 2456 et
180 2415 275 2458 metra.
307 2408 398 2472 Bishop
410 2409 500 2457 Peeree
512 2409 600 2457 inserts
611 2410 682 2466 both;
699 2409 748 2457 and
758 2408 780 2456 is
792 2409 885 2457 follow-

88 2476 119 2524 ed
130 2475 163 2539 by
175 2473 273 2523 Ernesti
284 2476 333 2524 end
341 2473 486 2524 Gemherd:
502 2474 554 2522 thet
564 2491 599 2522 we
610 2472 696 2523 should
711 2473 822 2538 regulata
838 2489 887 2522 our

85 2541 200 2607 pureuite
210 2541 238 2588 in
249 2540 391 2609 conformitq
401 2547 424 2588 to
441 2555 485 2590 orit
500 2556 557 2589 own
568 2547 661 2589 nature.
694 2539 757 2588 This
769 2539 885 2588 emenda-

78 2608 141 2656 tion
151 2621 252 2668 appears
263 2605 382 2668 probable.
415 2605 469 2654 One
486 2605 516 2653 of
527 2611 576 2654 two
587 2605 680 2654 similer
691 2605 780 2663 words,
791 2604 883 2654 follow-

88 2670 133 2735 ing
144 2671 205 2719 each
215 2670 291 2729 other,
303 2671 324 2719 is
335 2669 433 2718 inmun
441 2671 532 2735 danger
541 2670 571 2717 of
581 2671 656 2734 being
663 2670 765 2718 omitted
777 2671 810 2734 by
818 2677 886 2718 hm-

90 2736 266 2800 eoriberseayet
283 2751 310 2784 es
329 2740 373 2782 not
387 2751 403 2783 a
420 2734 499 2798 single
516 2733 570 2782 Ms.
590 2734 635 2783 has
654 2737 714 2783 been
726 2735 837 2783 addueed
854 2734 887 2783 in

92 2801 98 2808 “
113 2799 171 2848 hieh
181 2801 240 2848 both
250 2801 331 2849 words
342 2815 438 2863 appear,
448 2799 512 2848 their
523 2798 639 2848 insertion
651 2801 677 2848 in
687 2801 728 2848 the
739 2806 792 2850 text
802 2815 886 2849 seems

140 2865 266 2913 'mranted
936 2879 937 2906 ³
