1882 3216
78 155 117 210 92
340 153 388 200 DE
406 149 560 200 urricus,

120 295 169 356 Ex
193 314 249 368 quo
268 294 441 370 intelligitur,
467 293 593 369 corporis
618 291 791 370 voluptatem
813 311 872 354 non

80 377 148 433 satis
160 392 222 430 esse
234 373 347 450 dignam
359 373 482 434 hominis
497 373 665 448 praestantia,
677 391 796 446 eamque
808 391 873 432 corr·

80 453 168 512 temni
182 462 211 508 et
222 453 301 529 rejici
315 461 458 528 oportere:
482 451 526 508 sin
546 453 583 509 sit
596 452 747 527 quispiam,
763 453 813 525 qui
827 453 874 510 ali·

81 532 149 605 quid
162 532 263 588 tribuat
281 531 426 606 voluptati,
441 529 588 606 diligenter
601 530 629 587 ei
642 531 796 588 tenendum
811 549 872 588 esse

82 611 143 687 ejus
168 609 290 667 fruendae
317 609 443 666 modum.
483 608 580 680 ltaque
607 609 697 666 victus
725 610 874 681 cultusque

82 688 207 764 corporis
223 688 257 745 ad
270 687 458 748 valetudinem
471 687 614 754 reseratur,
629 701 657 743 et
670 685 705 743 ad
718 686 805 753 vires,
818 707 876 746 non

82 767 117 824 ad
130 767 311 842 voluptatem.
351 768 443 838 Atque
463 765 547 822 etiem
562 767 586 822 si
600 765 778 822 considerare
798 768 877 825 volu·

81 865 156 912 mus,
185 864 247 918 quae
269 846 305 902 sit
325 846 354 902 in
374 853 471 902 natura
496 844 636 901 hominis*
658 845 830 903 excellentia
849 854 878 903 ct

82 923 218 1000 dignitas;
241 924 436 1000 intelligimus,
463 940 548 994 quam
575 923 613 980 sit
638 932 718 998 turpe
747 923 878 982 diffluere

81 1003 202 1070 luxuria,
223 1014 251 1060 et
269 1003 385 1061 delicate
406 1019 438 1059 ac
459 1002 580 1059 molliter
600 1002 710 1058 viveret
733 1017 878 1078 quamque

82 1081 234 1140 honestum
248 1101 341 1160 parce,
356 1082 539 1146 continenter,
555 1099 663 1147 severe,
677 1073 782 1138 sobrie.

122 1161 338 1237 Intelligendum
354 1161 437 1217 etiam
451 1169 509 1226 est,¹
520 1158 626 1216 duabus
639 1159 720 1232 quasi
730 1177 784 1217 nos
799 1180 818 1217 a
831 1181 879 1218 na·

82 1249 144 1296 tura
157 1241 270 1297 indutos
290 1257 353 1295 esse
374 1238 518 1314 personis:
541 1255 658 1310 quarum
671 1257 728 1294 una
742 1248 787 1295 est
801 1259 879 1298 com·

83 1319 188 1384 muniS,
203 1336 240 1374 ex
260 1335 304 1380 eo,
321 1317 396 1387 quod
418 1333 517 1372 omnes
537 1315 687 1392 participes
713 1334 815 1374 sumus
838 1339 879 1376 ra·

83 1395 168 1451 tionis
179 1395 345 1470 praestentiae
355 1393 483 1468 queejuS,
496 1399 551 1466 qua
563 1393 755 1452 antecellimus
766 1397 880 1466 bestiis,

84 1493 100 1528 a
114 1472 435 1544 quaomnehonestum
453 1471 641 1544 decorumque
655 1472 782 1540 trahitur,
798 1486 831 1532 et
845 1495 882 1533 ex

43 1607 48 1613 ,
84 1550 213 1622 quaratio
220 1549 381 1607 inveniendi
394 1549 480 1608 officii
492 1551 660 1623 exquiritur:
674 1552 759 1608 altera
770 1564 880 1623 autem,

84 1647 146 1702 quoe
158 1629 269 1704 proprie
285 1628 402 1704 siugulis
417 1639 461 1686 est
476 1630 585 1687 tributa.
627 1630 669 1686 Ut
681 1630 757 1687 enim
772 1632 803 1688 in
819 1651 882 1691 cor-

83 1709 199 1786 poribus
218 1727 327 1784 magnae
341 1708 585 1766 dissimilitudines
602 1718 668 1766 sunt
692 1707 775 1787 (alios
800 1711 883 1769 vide·

83 1805 148 1844 mus
167 1787 312 1845 velocitate
328 1787 362 1844 ad
375 1805 498 1852 cursum,
519 1787 589 1844 alios
603 1787 708 1844 viribus
723 1787 758 1844 ad
771 1788 884 1849 luctan-

83 1865 151 1924 dum
171 1867 278 1924 valere:
301 1867 424 1938 itemque
449 1867 478 1922 in
503 1865 600 1923 sonnis
625 1866 686 1922 aliis
712 1865 885 1942 dignitatem

84 1945 189 2014 inesse,
215 1947 276 2003 aliis
301 1941 487 2023 venustatem)
512 1945 553 2001 sic
572 1945 602 2002 iu
621 1945 723 2003 animis
737 1946 887 2006 exsistunt

83 2026 204 2101 majores
219 2025 301 2081 etiam
317 2025 473 2080 varietates.

123 2103 194 2160 Erat
206 2102 236 2158 in
249 2101 283 2158 L.
306 2095 422 2168 Crasso,
442 2103 473 2160 in
492 2101 526 2158 L.
547 2099 693 2177 Philippo,
713 2103 821 2160 multus
842 2106 887 2164 le·
938 2097 939 2162 l

84 2197 153 2256 pos:
176 2180 266 2256 major
286 2179 370 2237 etiam
391 2181 537 2255 magisque
560 2179 594 2236 de
614 2179 764 2244 industrial
784 2183 817 2240 in
840 2184 882 2244 C.

85 2257 227 2332 Caesare,‡
250 2257 284 2315 L.
306 2258 340 2316 F.
381 2259 419 2315 At
442 2258 544 2316 iisdem
574 2259 748 2336 temporibus
772 2261 804 2318 in
829 2263 886 2323 M.

115 2447 130 2478 *²
143 2443 266 2493 Hernicis.
298 2443 362 2494 'I'his
374 2445 449 2504 word,
461 2445 542 2494 which
554 2446 575 2495 is
588 2447 663 2496 found
671 2441 699 2496 in
706 2449 798 2498 several
811 2449 890 2503 MSS

84 2510 177 2576 though
195 2511 296 2558 omitted
313 2513 346 2575 by
363 2511 405 2559 the
420 2511 581 2576 Heusingere,
600 2529 679 2561 seems
694 2519 719 2562 to
730 2515 821 2564 render
843 2521 891 2570 the

12 2613 16 2620 .
84 2583 197 2624 sentence
206 2592 273 2624 more
284 2576 356 2624 clear.

116 2639 269 2753 †lltlagiaque
281 2640 311 2698 de
328 2639 460 2689 industria.
493 2639 612 2690 Marathe
632 2643 710 2693 result
728 2642 757 2710 os
773 2645 815 2694 hia
829 2665 891 2704 orm

84 2721 131 2768 app
141 2705 236 2753 iection.

118 2769 170 2820 lG.
189 2769 293 2819 occare.
324 2767 353 2818 L.
373 2769 484 2828 Crassus,
502 2768 532 2818 L.
547 2770 658 2822 Marcius
676 2773 816 2839 Philippus,
838 2783 895 2832 and

85 2831 113 2878 sl.
121 2833 211 2892 Cesar,
222 2835 353 2884 surnamed
363 2835 457 2893 Strabo,
466 2850 507 2884 are
515 2836 549 2884 all
556 2837 644 2887 named
652 2837 678 2888 in
687 2840 757 2890 other
765 2841 898 2912 writingn
