1890 3224
94 191 153 248 230
383 187 431 236 nu
450 184 607 234 orrrcuss

97 340 146 389 trae
166 329 258 388 solent
277 347 334 388 non
355 328 452 386 omnia
477 327 588 393 docere,
610 324 663 383 sed
682 325 836 401 postulare,
857 333 886 380 ut

99 409 225 482 quaedam
246 407 301 465 sibi
325 407 521 474 concedantur,
543 424 600 478 quo
620 404 741 472 facilius,
757 423 822 477 quae
843 422 886 460 vo·

97 488 168 553 lunt,
183 487 343 562 explicent:
366 487 408 543 sic
422 505 475 562 ego
499 495 555 543 ate
570 483 693 558 postulo,
709 485 750 539 mi
774 483 886 547 Cicero,

98 576 129 624 ut
143 565 212 622 mihi
226 565 375 632 concedas,
390 565 415 621 si
430 574 522 640 potes,
545 562 626 628 nihil,
642 571 743 638 praeter
758 561 798 630 id,
816 559 887 634 quod

100 643 251 702 honesturn
265 643 311 711 sit,
326 654 440 720 propter
460 662 491 700 sc
511 661 574 700 esse
595 639 797 716 expetendum.
841 639 888 695 Sin

99 722 155 780 hoc
169 741 226 779 uon
240 722 306 780 licet
319 741 369 799 per
384 721 571 799 Cratippum:
595 729 622 775 at
633 719 700 776 illud
712 730 789 776 certe
803 718 888 784 dahis,

99 800 176 874 quod
198 801 349 859 honestum
370 801 416 868 sit,
442 799 472 858 id
492 818 556 856 esse
577 798 701 855 maxime
723 807 843 874 propter
862 813 889 852 se

100 880 301 956 expetendum.
342 879 418 936 Mihi
440 877 577 935 utrumvis
603 877 670 933 satis
692 887 755 932 est:
780 886 811 933 et
835 885 890 932 tum

100 957 166 1025 hoc,
181 968 241 1016 tum
262 957 330 1016 illud
351 957 522 1032 probabilius
545 955 664 1023 videtur,
684 973 738 1011 nec
758 965 892 1030 praeterea

101 1037 253 1110 quidquam
268 1036 420 1114 probabile.

140 1117 182 1174 Ac
202 1117 324 1194 primum
346 1115 488 1174 Panaetius
508 1114 538 1171 in
557 1112 613 1170 hoc
633 1110 829 1169 defendendus
843 1121 893 1177 est,
934 1165 935 1176 ,

101 1195 176 1268 quod
194 1205 253 1253 non
272 1195 351 1251 utilia
372 1213 438 1251 cum
457 1191 583 1250 honestis
604 1209 728 1268 pugnare
743 1190 894 1263 aliquando
934 1183 935 1272 l

101 1291 186 1350 posse
201 1273 302 1330 dixerit
317 1271 419 1348 (neque
434 1271 511 1328 enim
521 1271 549 1327 ei
559 1269 600 1326 sas
613 1267 699 1346 eran)
711 1269 763 1327 sed
776 1289 821 1337 ea,
835 1289 895 1342 quae
934 1273 935 1348 l

101 1351 262 1408 viderentur
288 1351 376 1406 utilia.
417 1350 500 1406 Nihil
526 1367 593 1405 vero
621 1349 699 1415 utile,
728 1349 808 1420 quod
839 1368 896 1405 non
934 1349 935 1412 ἶ

102 1428 177 1485 idern
197 1427 363 1485 honestum:
385 1427 457 1484 nihil
477 1427 639 1494 honestum,
655 1425 730 1498 quod
746 1446 806 1484 non
821 1427 897 1484 idem
934 1467 935 1488 .

99 1507 167 1562 utile
188 1506 234 1572 sit,
257 1523 332 1580 saepe
352 1514 483 1561 testatur:
512 1515 652 1582 negatque
672 1504 760 1562 ullam
782 1516 896 1582 pestem

102 1585 237 1660 majorem
246 1584 276 1641 in
285 1584 370 1640 vitam
381 1583 529 1640 hominurn
540 1584 688 1650 invasisse,
699 1602 784 1656 quam
797 1603 897 1642 eorum
934 1585 935 1632 l

100 1662 276 1738 opinionem,
297 1663 346 1734 qui
366 1663 420 1719 ista
440 1661 626 1720 distraxerint.
667 1661 765 1734 Itaque
787 1681 848 1721 non
869 1673 899 1720 ut
934 1667 935 1678 *

102 1740 250 1814 aliquando
271 1751 504 1818 anteponeremus
525 1741 605 1797 utilia
628 1741 766 1809 honestis,
789 1741 844 1798 sed
869 1752 900 1799 ut
934 1781 935 1804 1

100 1839 136 1878 ea
156 1821 218 1878 sine
240 1839 332 1879 errore
354 1819 581 1898 dijudicaremus,
603 1819 629 1875 si
650 1819 762 1892 quando
780 1821 900 1877 incidis·
934 1823 935 1900 l

101 1909 176 1968 sent,
191 1900 303 1958 induxit
322 1919 394 1967 earn,
410 1915 471 1971 quae
488 1896 633 1955 videretur
652 1915 726 1964 esse,
749 1917 810 1956 non
833 1918 898 1971 quae
934 1907 935 1978 j

102 1988 188 2047 esset,
196 1979 419 2056 repugnantiam.
461 1975 544 2033 Hanc
555 1977 759 2052 igitur-partem
769 1977 899 2035 relictam

105 2058 291 2134 explebimus,
316 2057 400 2115 nullis
428 2055 614 2121 adminiculis,
641 2052 700 2121 sed,
725 2066 757 2112 ut
783 2051 898 2124 dicitur,

105 2136 198 2192 Marte
218 2135 339 2197 nostro.†
384 2136 486 2206 Neque
506 2133 583 2190 enim
604 2132 758 2205 quidquam
782 2133 819 2192 de
844 2135 899 2191 hac

106 2223 183 2289 parte
197 2223 262 2289 post
275 2214 431 2271 Panaetium
445 2211 615 2288 explicatum
627 2221 680 2280 est,
694 2211 769 2284 quod
781 2212 899 2286 quidem
934 2213 935 2250 ἶ

137 2434 153 2466 *
170 2431 220 2481 Fut
232 2440 291 2483 erut.
323 2435 429 2494 Thetis,
440 2451 468 2483 as
479 2433 602 2484 Penaetius
612 2451 664 2483 wus
675 2451 691 2484 a
701 2434 775 2496 Stoic,
787 2438 850 2487 such
867 2456 901 2488 an
934 2415 935 2444 i

106 2499 223 2547 assertion
239 2499 320 2548 would
339 2501 399 2550 have
415 2503 476 2548 beeu
491 2500 518 2548 in
533 2501 611 2550 direct
626 2501 800 2551 conbudiction
817 2509 844 2552 to
859 2505 901 2553 his

106 2581 162 2612 own
173 2563 309 2628 principles.
934 2591 935 2600 2

138 2627 246 2680 †Mane
263 2635 349 2676 nostro.
380 2627 586 2678 “Proverbialiter
602 2647 618 2678 a
633 2630 723 2679 militia
744 2633 901 2692 translatum,
934 2637 935 2674 i

107 2691 149 2739 ubi
160 2707 204 2740 suo
215 2699 291 2740 nmrte
298 2707 350 2739 rem
357 2706 441 2766 gerere
448 2693 597 2758 dicebantur,
603 2695 645 2756 qui
653 2695 728 2745 nullis
737 2697 900 2748 auxiliaribus
934 2689 935 2730 i

106 2755 183 2816 copiis
193 2757 269 2820 adjuti
281 2758 481 2805 committerem
514 2757 609 2806 Etasm.
934 2759 935 2796 l
