1882 3216
90 197 146 252 150
389 187 437 234 nn
455 184 609 236 ornrcns.

84 346 115 395 ct
138 352 203 394 euru
228 331 352 404 quidem,
379 337 411 385 ut
433 328 569 403 scriptum
592 335 647 393 est,
674 331 875 400 compunctum

79 415 162 473 notis
177 411 336 476 Thraciis*
352 407 483 464 destricto
504 404 596 480 gladio
616 405 733 480 jubebat
753 403 874 470 anteire3

89 490 325 570 praemittebatque
336 485 371 543 de
385 485 564 561 stipatoribus
580 483 650 549 suis,
662 483 711 554 qui
722 491 874 539 scrutaren-

86 582 131 628 tur
145 566 261 634 arculas,
276 565 436 629 muliebres,
451 571 488 630 et.
504 560 631 634 nequod
650 562 681 617 in
702 559 873 618 vestimentis
899 615 903 625 ,

89 646 272 706 occultaretur
285 644 381 710 telum,
396 641 585 714 exquirerent.
627 639 814 706 Omiserum‚
829 637 876 710 qui

90 724 244 784 fideliorem
269 731 300 779 et
325 721 471 778 barbarum
500 729 529 776 ct
555 717 724 794 stigmatiam
760 727 874 792 putaret,
932 787 933 800 χ

88 821 174 876 quam
188 801 353 877 conjugem!
395 797 459 855 Nec
479 816 544 855 eum
564 795 686 856 tesettitr
724 795 769 852 Ab
790 803 878 851 esest

88 881 165 940 onim
181 880 252 955 ipsa,
274 887 386 958 propter
411 875 557 953 pellicatus
578 873 781 950 suspicionem,
797 873 877 930 inter·

91 959 191 1016 fectus.

132 961 276 1095 Necssvero
293 1035 350 1093 ulla
362 1035 406 1090 vis
429 1032 541 1108 imperii
565 1039 640 1088 tanta
663 1039 716 1096 est,
731 1047 805 1100 quae,
819 1047 880 1105 pre·

90 1127 185 1174 mente
212 1125 298 1182 metu,
327 1113 418 1191 possit
441 1129 504 1168 esse
532 1109 669 1167 diuturna.
711 1107 809 1165 Testis
837 1118 880 1164 est

93 1194 231 1260 Phalaris,
247 1193 326 1268 cujus
341 1203 385 1248 est
394 1201 492 1266 praeter
503 1197 610 1245 ceteros
625 1186 769 1244 nobilitata
784 1186 881 1246 crude·

91 1273 174 1329 litus:
196 1271 326 1342 quinon
346 1287 383 1326 ex
403 1267 514 1325 insidiis
535 1266 648 1333 interiit,
676 1275 707 1322 ut
730 1266 767 1332 is,
797 1283 881 1336 quern

93 1348 179 1406 modo
193 1348 262 1414 dixi,
283 1345 459 1411 Alexander3
481 1364 539 1402 non
560 1364 577 1400 a
590 1344 697 1418 paucis,
711 1353 743 1400 ut
755 1343 805 1401 hic
820 1362 884 1401 nos·

90 1435 152 1482 ter:
174 1425 266 1481 sedin
282 1442 366 1495 quem
380 1424 510 1498 universa
527 1423 777 1497 Agrigentinorum
792 1421 884 1479 multi·

94 1502 160 1560 tudo
182 1503 317 1576 impetum
343 1501 434 1572 fecit.§
464 1499 561 1568 Quid?
600 1499 773 1557 Macedones
788 1518 883 1558 nonne
932 1547 933 1556 ,

94 1579 282 1647 Demetriumll
305 1579 485 1652 reliquerunt,
509 1579 688 1650 universique
702 1597 734 1636 se
755 1579 792 1636 ud
813 1579 884 1656 Pyr-

125 1755 141 1786 *
156 1751 273 1802 Pirustis.
305 1753 435 1802 “Thraces
446 1753 550 1810 barbari,
561 1752 625 1814 apud
636 1767 696 1814 quos
706 1750 774 1801 frons
786 1753 885 1818 stigma
932 1783 933 1814 p

60 1857 66 1866 .
89 1817 157 1866 tibus
168 1825 313 1882 compuncta
324 1818 456 1867 nobilitatis
471 1824 524 1866 erut
537 1817 649 1880 insignc;
665 1817 730 1878 apud
741 1817 812 1878 ulios,
823 1816 886 1866 servi
932 1863 933 1880 χ

93 1882 337 1950 firgucisiudicium.”
354 1883 450 1932 Erusm.
483 1883 537 1930 The
549 1887 632 1945 tyrant
643 1882 726 1943 plcced
743 1898 814 1931 more
831 1898 886 1931 con.
932 1895 933 1938 ᾗ

91 1948 186 1998 fidencc
203 1949 230 1998 in
247 1950 315 1998 these
329 1947 434 1997 .tattoocd
451 1947 598 2006 barbarizans,
616 1947 676 1995 than
692 1947 723 1996 he
742 1949 816 1996 could
835 1947 862 1996 in
873 1962 905 2010 s,

94 2015 245 2080 body-guard
257 2015 384 2076 compcsed
395 2013 424 2061 of
429 2012 536 2061 ‘Greeks

124 2081 138 2130 †
160 2079 226 2127 Eum
232 2077 330 2142 fefellit.
363 2079 441 2126 What
451 2077 472 2126 is
481 2076 693 2138 hcrethcellipscl
710 2076 784 2126 Some
794 2077 885 2126 editors
932 2123 933 2138 ¹

89 2143 168 2191 ‘insert
178 2143 264 2206 opinio,
278 2144 321 2191 but
332 2140 434 2190 irithout
449 2142 570 2191 sufficient
586 2147 694 2190 wurrunt
705 2140 735 2190 of
746 2141 821 2190 MSS.
855 2141 884 2190 In

89 2207 186 2269 Toup's
193 2206 297 2268 opinion,
303 2208 401 2254 animur
405 2223 414 2264 ,·
430 2206 504 2254 inthe
516 2205 683 2271 Heusingers‘‚
696 2205 782 2265 Thebe,
793 2223 822 2256 or
834 2221 885 2254 cort·

88 2273 147 2334 jus,
157 2271 180 2318 is
191 2271 232 2318 the
242 2271 390 2320 nominative
401 2271 483 2319 which
493 2271 580 2319 should
591 2273 620 2319 be
631 2271 747 2334 supplied.
780 2270 887 2328 Quintil.

92 2335 125 2385 iv.
141 2334 198 2382 “Ne
213 2333 325 2384 fefellisse
343 2336 369 2382 in
385 2335 423 2382 his
434 2336 515 2384 videar
533 2337 690 2398 principem.”
724 2335 770 2398 Ep.
782 2338 816 2386 cd
831 2335 884 2384 Div.

94 2400 124 2450 iv.
135 2399 158 2448 2.
171 2399 192 2447 6.
225 2399 370 2458 “Quantum
381 2415 425 2450 nos
437 2400 548 2448 fefellerit
558 2401 661 2462 (Caesar)
670 2401 762 2450 vides.”

125 2463 299 2528 ilnterfeetus.
331 2465 401 2512 With
413 2465 454 2512 the
466 2466 505 2512 uid
516 2465 546 2513 of
557 2467 600 2516 hcr
613 2467 729 2515 brothers.
763 2465 830 2516 Plut.
842 2463 885 2512 Pe·

91 2529 140 2592 lop.
152 2528 223 2578 Diod.
234 2529 282 2578 Sic.
291 2529 338 2578 xiv.
370 2529 418 2576 She
427 2545 477 2577 was
486 2531 526 2579 the
535 2531 654 2596 daughter
663 2530 692 2580 os
703 2529 719 2579 J
721 2547 788 2591 ason,
796 2528 885 2579 named

94 2594 122 2643 ,in
133 2593 174 2642 the
186 2592 245 2641 soth
254 2593 352 2655 chapter
364 2594 394 2639 of
404 2593 445 2640 thc
453 2594 584 2659 preceding
596 2597 665 2644 bools.

127 2655 345 2721 §Impetumsecit
377 2656 493 2716 Phalaris,
510 2666 593 2722 tyrunt
609 2661 638 2708 of
650 2660 824 2724 Agrigentum,
835 2672 885 2706 wus

94 2722 179 2768 stoned
190 2728 215 2768 to
226 2721 297 2768 death
308 2721 334 2767 in
345 2737 360 2767 u
370 2721 463 2769 sudden
473 2723 570 2770 trunult.
603 2723 665 2772 This
676 2725 803 2788 happened
813 2724 885 2772 about

76 2781 79 2791 ⁴
99 2783 136 2830 'bo
148 2784 195 2830 32d
207 2783 344 2846 Olympiud.
377 2783 429 2831 Vsl.
437 2785 504 2834 Mun.
517 2787 551 2832 iii.
562 2787 585 2834 3.
596 2788 618 2834 2.

135 2847 307 2910 'Demetrium
340 2847 589 2906 Poliorcetes‚sonof
601 2852 748 2916 Antigonus,
764 2851 883 2905 towhom
932 2909 933 2918 ἵ
