1888 3222
83 187 143 245 tio
250 247 252 253 y
367 180 415 232 ns
433 179 590 232 osricus.

116 301 153 378 est
164 329 378 376 contionaturum
394 340 438 387 pro
454 324 587 373 multorum
605 328 689 372 summ
708 317 875 372 incolumitate
931 357 932 362 η

29 429 34 434 -
116 401 141 442 et
151 391 227 442 salute
243 390 336 438 labores
349 397 373 438 et
384 387 507 438 molestias
522 388 649 450 suscipere,
660 389 798 436 secundum
808 394 874 436 natu·

116 474 169 507 ram
181 461 224 505 est
246 453 319 502 Hanc
330 454 410 518 legum
421 450 463 516 qui
474 452 611 512 servaverit,
621 469 748 515 nunquam
757 452 875 501 aberrabit

24 559 29 574 .
115 537 193 584 nsque
206 525 248 568 aut
258 519 406 581 temporibus
423 518 607 580 perturbabitur,
619 521 662 566 aut
676 518 733 582 jure
745 517 821 576 civili,
831 532 874 580 quo

115 599 169 648 quai
188 584 353 633 conceduntur
364 581 445 658 turpia
455 584 553 645 quidem
564 581 683 644 plerisque
697 596 748 630 non
758 580 874 640 videntur,

116 650 231 698 sedeunt
252 655 335 698 tamen
348 647 498 711 'sepissima
514 661 590 710 quum
610 646 721 694 formula
739 647 873 695 constitute

115 715 139 763 h.
150 730 171 762 e.
182 711 232 778 legi
240 721 341 771 naturae,
348 718 492 776 repugnant.
514 711 548 760 Et
554 713 599 760 hac
608 711 711 760 formula
719 711 809 758 deinde
816 709 872 758 niul-

116 786 153 828 tas
164 778 309 842 questiones
320 778 459 841 propositas,
470 775 558 840 quibus
569 775 675 826 officium
686 792 717 824 ex
728 776 874 839 temporibus

115 842 257 908 exquiritur,
267 843 378 907 explicat·

85 1021 175 1081 ΟΑΡ.
196 1020 220 1080 1.
260 1018 307 1078 De
333 1017 393 1077 otio
424 1013 590 1109 Scipionis:
617 1033 678 1075 nun
704 1013 785 1074 idem
813 1032 872 1074 ease

348 1097 496 1156 OEceronia
510 1101 614 1154 otium.

124 1230 260 1288 Puntmir
285 1227 459 1303 Scipionem,
473 1224 582 1284 Marce
603 1224 654 1293 fili,
674 1243 739 1282 eum
755 1224 806 1299 qui
822 1225 874 1302 pri·
933 1201 934 1226 ¹

86 1327 148 1366 mus
160 1307 306 1364 Africanus
321 1305 474 1380 appellatus
489 1304 536 1372 sit,
552 1303 643 1360 dicere
657 1304 772 1361 solitum
787 1306 875 1380 scrip-
933 1373 934 1378 ἵ

83 1387 122 1443 sit
136 1384 217 1451 Cato,
235 1384 284 1455 qui
298 1381 350 1439 fuit
362 1381 419 1438 fere
433 1383 495 1458 ejus
510 1382 653 1454 aequalia*
676 1381 873 1455 “Numquam

84 1461 224 1520 seminus
249 1460 371 1518 otiosum
394 1476 467 1526 esse,
486 1478 572 1536 ¹quam
595 1478 659 1517 cum
673 1461 799 1517 otiosus:
821 1478 875 1518 nec

84 1541 177 1598 minus
192 1538 294 1604 solum,
310 1553 393 1609 quam
407 1555 473 1595 cum
493 1537 570 1595 solus
591 1537 698 1595 esset.”
740 1539 874 1615 Magnifi·

84 1637 118 1675 ca
130 1635 197 1674 vero
217 1632 283 1682 vox,
308 1625 462 1692 etmaguo
482 1614 543 1674 viro
568 1635 600 1672 ac
622 1617 748 1692 sapiente
769 1617 870 1694 digna:
933 1661 934 1668 ,

84 1714 146 1768 quae
161 1693 290 1760 declarat,
306 1691 385 1752 illum
401 1706 429 1751 et
439 1694 469 1751 in
483 1693 541 1752 otio
553 1691 587 1752 de
602 1695 722 1770 negotiis
737 1697 873 1770 cogitare,
933 1765 934 1768 Ἴ

84 1785 113 1832 et
134 1775 163 1831 in
186 1772 336 1832 solitudine
358 1790 454 1830 secum
475 1772 553 1845 loqui
577 1773 707 1840 solitum3
729 1783 760 1830 ut
780 1792 874 1846 neque

85 1863 208 1911 cessaret
228 1869 362 1925 unquam,
383 1861 411 1908 et
431 1847 570 1909 interdum
594 1851 735 1923 colloquio
760 1852 875 1910 alterius

85 1951 143 1992 nou
157 1941 259 2013 egeret.
299 1930 341 1988 Ita
354 1928 415 1987 duae
429 1948 484 1998 res,
500 1943 562 2000 quae
576 1929 739 2004 languorem
753 1929 877 1988 afferunt

82 2012 194 2075 ceteris,
209 2011 288 2068 ilium
303 2009 447 2076 acuebant,
463 2007 551 2066 otium
562 2017 591 2064 et
601 2006 734 2066 solitudo.
760 2005 875 2066 Vellem

83 2091 165 2148 nobis
180 2090 234 2146 hoc
247 2087 322 2144 idem
344 2085 436 2144 dicere
463 2086 573 2144 liceret:
596 2084 687 2150 eadsi
702 2085 796 2143 minus
813 2087 875 2144 iuri·

84 2167 187 2224 tatione
201 2175 303 2222 tantam
320 2164 425 2240 ingenii
440 2163 626 2242 prestantium
648 2165 788 2236 consequi
810 2183 876 2242 poa·

84 2262 192 2312 sumus,
203 2242 344 2300 voluntate
357 2253 431 2301 certe
446 2243 574 2319 proxime
586 2239 758 2300 accedimus.
785 2241 874 2302 Nam

82 2332 112 2380 et
122 2341 140 2379 a
150 2339 179 2378 re
191 2321 303 2398 publica
311 2319 523 2394 forensibusque
537 2321 658 2397 negotiis
669 2320 754 2377 armis
763 2320 877 2398 impitsi

367 2491 532 2542 CHAPTER
548 2493 570 2542 1.

116 2599 131 2630 't
142 2589 264 2658 AEqttulie.
296 2591 357 2640 Cato
376 2591 416 2641 the
428 2607 512 2640 censor
523 2607 575 2642 was
590 2600 657 2641 soma
692 2605 747 2640 ears
762 2606 876 2656 yotmger

44 2683 45 2688 =
83 2659 142 2709 then
153 2660 194 2708 ibo
208 2658 261 2706 first
271 2656 353 2719 Scipio
367 2656 510 2706 Africanus:
527 2658 599 2706 when
615 2657 656 2705 tbs
695 2662 743 2705 tter
758 2671 811 2705 was
822 2671 876 2720 pro·

84 2725 169 2772 consul
180 2723 205 2772 iu
217 2721 309 2779 Africa,
319 2721 380 2769 Cato
390 2737 441 2770 was
452 2721 491 2769 his
502 2726 614 2784 quiestor.

115 2787 225 2838 'trimis
235 2785 327 2850 impiis.
357 2785 451 2834 Atthis
462 2785 529 2844 time,
540 2786 576 2834 M.
587 2784 781 2848 Antony,when
797 2784 829 2833 he
839 2789 875 2832 st·

84 2850 171 2898 tended
180 2851 384 2962 &hospitasse
395 2849 566 2914 accompcbied
581 2850 613 2913 by
624 2865 640 2898 s
654 2849 734 2914 guard
749 2849 780 2900 ot*
790 2850 874 2898 mmcd

84 2926 148 2960 men.
255 2929 280 2962 ιι.
291 2928 322 2962 an
350 2929 373 2961 v,
