<?xml version="1.0" encoding="UTF-8"?>
<!DOCTYPE html PUBLIC "-//W3C//DTD XHTML 1.0 Transitional//EN"
    "http://www.w3.org/TR/xhtml1/DTD/xhtml1-transitional.dtd">
<html xmlns="http://www.w3.org/1999/xhtml" xml:lang="en" lang="en">
 <head>
  <title>
</title>
<meta http-equiv="Content-Type" content="text/html;charset=utf-8" />
  <meta name='ocr-system' content='tesseract 3.04.00' />
  <meta name='ocr-capabilities' content='ocr_page ocr_carea ocr_par ocr_line ocrx_word'/>
</head>
<body>
  <div class='ocr_page' id='page_1' title='image "./deofficiislibri04cicegoog_0135.png"; bbox 0 0 1882 3216; ppageno 0'>
   <div class='ocr_carea' id='block_1_1' title="bbox 89 149 603 214">
    <p class='ocr_par' dir='ltr' id='par_1_1' title="bbox 89 149 603 214">
     <span class='ocr_line' id='line_1_1' title="bbox 89 149 603 214; baseline -0.004 -12"><span class='ocrx_word' id='word_1_1' title='bbox 89 159 145 214; x_wconf 82' lang='lat'>114</span> <span class='ocrx_word' id='word_1_2' title='bbox 382 149 603 202; x_wconf 80' lang='lat' dir='ltr'>nnorrrcus</span> 
     </span>
    </p>
   </div>
   <div class='ocr_carea' id='block_1_2' title="bbox 93 295 896 1720">
    <p class='ocr_par' dir='ltr' id='par_1_2' title="bbox 93 295 894 692">
     <span class='ocr_line' id='line_1_2' title="bbox 93 295 894 374; baseline -0.005 -16"><span class='ocrx_word' id='word_1_3' title='bbox 93 295 231 358; x_wconf 76' lang='lat' dir='ltr'>urendum</span> <span class='ocrx_word' id='word_1_4' title='bbox 256 307 285 356; x_wconf 90' lang='lat' dir='ltr'>et</span> <span class='ocrx_word' id='word_1_5' title='bbox 297 295 481 365; x_wconf 68' lang='lat' dir='ltr'>secandum*</span> <span class='ocrx_word' id='word_1_6' title='bbox 503 297 546 354; x_wconf 91' lang='lat' dir='ltr'>sic</span> <span class='ocrx_word' id='word_1_7' title='bbox 560 295 596 354; x_wconf 89' lang='lat' dir='ltr'>ad</span> <span class='ocrx_word' id='word_1_8' title='bbox 617 296 673 356; x_wconf 89' lang='lat' dir='ltr'>hoc</span> <span class='ocrx_word' id='word_1_9' title='bbox 694 313 786 374; x_wconf 81' lang='lat' dir='ltr'>genos</span> <span class='ocrx_word' id='word_1_10' title='bbox 808 297 894 354; x_wconf 84' lang='lat' dir='ltr'>casti·</span> 
     </span>
     <span class='ocr_line' id='line_1_3' title="bbox 94 375 894 456; baseline -0.003 -20"><span class='ocrx_word' id='word_1_11' title='bbox 94 375 188 456; x_wconf 83' lang='lat' dir='ltr'>gandi,</span> <span class='ocrx_word' id='word_1_12' title='bbox 203 395 265 436; x_wconf 89' lang='lat' dir='ltr'>raro</span> <span class='ocrx_word' id='word_1_13' title='bbox 278 377 415 448; x_wconf 71' lang='lat' dir='ltr'>invitique</span> <span class='ocrx_word' id='word_1_14' title='bbox 430 375 588 445; x_wconf 80' lang='lat' dir='ltr'>veniemus,</span> <span class='ocrx_word' id='word_1_15' title='bbox 603 392 657 434; x_wconf 88' lang='lat' dir='ltr'>nec</span> <span class='ocrx_word' id='word_1_16' title='bbox 671 393 821 448; x_wconf 84' lang='lat' dir='ltr'>umquam,</span> <span class='ocrx_word' id='word_1_17' title='bbox 837 376 894 435; x_wconf 89' lang='lat' dir='ltr'>nisi</span> 
     </span>
     <span class='ocr_line' id='line_1_4' title="bbox 94 453 894 532; baseline -0.004 -16"><span class='ocrx_word' id='word_1_18' title='bbox 94 456 265 524; x_wconf 82' lang='lat' dir='ltr'>necessario,</span> <span class='ocrx_word' id='word_1_19' title='bbox 280 456 305 512; x_wconf 91' lang='lat' dir='ltr'>si</span> <span class='ocrx_word' id='word_1_20' title='bbox 320 456 396 514; x_wconf 83' lang='lat' dir='ltr'>nulla</span> <span class='ocrx_word' id='word_1_21' title='bbox 407 456 561 532; x_wconf 88' lang='lat' dir='ltr'>reperietur</span> <span class='ocrx_word' id='word_1_22' title='bbox 574 455 629 513; x_wconf 83' lang='lat' dir='ltr'>alia</span> <span class='ocrx_word' id='word_1_23' title='bbox 640 453 794 514; x_wconf 88' lang='lat' dir='ltr'>medicina.</span> <span class='ocrx_word' id='word_1_24' title='bbox 836 455 894 513; x_wconf 85' lang='lat' dir='ltr'>Sed</span> 
     </span>
     <span class='ocr_line' id='line_1_5' title="bbox 95 535 893 610; baseline -0.003 -16"><span class='ocrx_word' id='word_1_25' title='bbox 95 545 190 594; x_wconf 80' lang='lat' dir='ltr'>temen</span> <span class='ocrx_word' id='word_1_26' title='bbox 214 536 255 592; x_wconf 88' lang='lat' dir='ltr'>ira</span> <span class='ocrx_word' id='word_1_27' title='bbox 268 535 368 610; x_wconf 87' lang='lat' dir='ltr'>procul</span> <span class='ocrx_word' id='word_1_28' title='bbox 388 536 470 603; x_wconf 86' lang='lat' dir='ltr'>absit,</span> <span class='ocrx_word' id='word_1_29' title='bbox 486 553 551 594; x_wconf 90' lang='lat' dir='ltr'>cum</span> <span class='ocrx_word' id='word_1_30' title='bbox 573 553 629 608; x_wconf 88' lang='lat' dir='ltr'>qua</span> <span class='ocrx_word' id='word_1_31' title='bbox 642 535 716 594; x_wconf 89' lang='lat' dir='ltr'>nihii</span> <span class='ocrx_word' id='word_1_32' title='bbox 729 545 808 594; x_wconf 86' lang='lat' dir='ltr'>recte</span> <span class='ocrx_word' id='word_1_33' title='bbox 822 535 893 604; x_wconf 85' lang='lat' dir='ltr'>fieri,</span> 
     </span>
     <span class='ocr_line' id='line_1_6' title="bbox 95 613 661 692; baseline -0.005 -18"><span class='ocrx_word' id='word_1_34' title='bbox 95 613 168 674; x_wconf 88' lang='lat' dir='ltr'>nihil</span> <span class='ocrx_word' id='word_1_35' title='bbox 182 613 358 672; x_wconf 86' lang='lat' dir='ltr'>considerate</span> <span class='ocrx_word' id='word_1_36' title='bbox 372 624 475 692; x_wconf 86' lang='lat' dir='ltr'>potest.</span> <span class='ocrx_word' id='word_1_37' title='bbox 659 681 661 684; x_wconf 81' lang='lat'>.</span> 
     </span>
    </p>

    <p class='ocr_par' dir='ltr' id='par_1_3' title="bbox 95 691 896 1720">
     <span class='ocr_line' id='line_1_7' title="bbox 136 691 894 770; baseline -0.003 -18"><span class='ocrx_word' id='word_1_38' title='bbox 136 693 243 770; x_wconf 84' lang='lat' dir='ltr'>Magna</span> <span class='ocrx_word' id='word_1_39' title='bbox 256 702 350 752; x_wconf 87' lang='lat' dir='ltr'>autem</span> <span class='ocrx_word' id='word_1_40' title='bbox 374 701 452 769; x_wconf 87' lang='lat' dir='ltr'>parte</span> <span class='ocrx_word' id='word_1_41' title='bbox 472 691 605 751; x_wconf 87' lang='lat' dir='ltr'>clementi</span> <span class='ocrx_word' id='word_1_42' title='bbox 630 693 816 770; x_wconf 79' lang='lat' dir='ltr'>castigatione</span> <span class='ocrx_word' id='word_1_43' title='bbox 829 693 894 752; x_wconf 89' lang='lat' dir='ltr'>licet</span> 
     </span>
     <span class='ocr_line' id='line_1_8' title="bbox 95 772 894 850; baseline 0 -20"><span class='ocrx_word' id='word_1_44' title='bbox 95 772 147 840; x_wconf 90' lang='lat' dir='ltr'>uti,</span> <span class='ocrx_word' id='word_1_45' title='bbox 162 773 295 850; x_wconf 75' lang='lat' dir='ltr'>gravitate</span> <span class='ocrx_word' id='word_1_46' title='bbox 315 781 409 830; x_wconf 86' lang='lat' dir='ltr'>tamen</span> <span class='ocrx_word' id='word_1_47' title='bbox 424 772 564 849; x_wconf 77' lang='lat' dir='ltr'>adjuncta,</span> <span class='ocrx_word' id='word_1_48' title='bbox 579 782 612 829; x_wconf 90' lang='lat' dir='ltr'>ut</span> <span class='ocrx_word' id='word_1_49' title='bbox 625 784 653 830; x_wconf 89' lang='lat' dir='ltr'>et</span> <span class='ocrx_word' id='word_1_50' title='bbox 666 773 804 830; x_wconf 84' lang='lat' dir='ltr'>severitas</span> <span class='ocrx_word' id='word_1_51' title='bbox 819 773 894 831; x_wconf 85' lang='lat' dir='ltr'>adhi·</span> 
     </span>
     <span class='ocr_line' id='line_1_9' title="bbox 95 851 893 927; baseline -0.001 -17"><span class='ocrx_word' id='word_1_52' title='bbox 95 851 204 920; x_wconf 83' lang='lat' dir='ltr'>beatur,</span> <span class='ocrx_word' id='word_1_53' title='bbox 233 862 261 910; x_wconf 91' lang='lat' dir='ltr'>et</span> <span class='ocrx_word' id='word_1_54' title='bbox 289 851 459 910; x_wconf 83' lang='lat' dir='ltr'>contumelia</span> <span class='ocrx_word' id='word_1_55' title='bbox 486 851 646 927; x_wconf 83' lang='lat' dir='ltr'><strong>repellatur.</strong></span> <span class='ocrx_word' id='word_1_56' title='bbox 686 852 781 924; x_wconf 81' lang='lat' dir='ltr'>Atque</span> <span class='ocrx_word' id='word_1_57' title='bbox 810 853 893 910; x_wconf 87' lang='lat' dir='ltr'>etiarn</span> 
     </span>
     <span class='ocr_line' id='line_1_10' title="bbox 96 929 895 1009; baseline -0.003 -19"><span class='ocrx_word' id='word_1_58' title='bbox 96 929 167 990; x_wconf 89' lang='lat' dir='ltr'>illud</span> <span class='ocrx_word' id='word_1_59' title='bbox 180 932 286 1008; x_wconf 91' lang='lat' dir='ltr'>ipsum,</span> <span class='ocrx_word' id='word_1_60' title='bbox 302 930 378 1009; x_wconf 92' lang='lat' dir='ltr'>quod</span> <span class='ocrx_word' id='word_1_61' title='bbox 393 930 548 988; x_wconf 80' lang='lat' dir='ltr'>acerbitatis</span> <span class='ocrx_word' id='word_1_62' title='bbox 561 930 645 988; x_wconf 89' lang='lat' dir='ltr'>babet</span> <span class='ocrx_word' id='word_1_63' title='bbox 658 930 828 1006; x_wconf 86' lang='lat' dir='ltr'>objurgatio,</span> <span class='ocrx_word' id='word_1_64' title='bbox 840 931 895 1008; x_wconf 84' lang='lat' dir='ltr'>sig·</span> 
     </span>
     <span class='ocr_line' id='line_1_11' title="bbox 96 1009 894 1088; baseline -0.003 -19"><span class='ocrx_word' id='word_1_65' title='bbox 96 1010 270 1070; x_wconf 85' lang='lat' dir='ltr'>nificandurn</span> <span class='ocrx_word' id='word_1_66' title='bbox 290 1021 343 1077; x_wconf 87' lang='lat' dir='ltr'>est,</span> <span class='ocrx_word' id='word_1_67' title='bbox 360 1011 449 1088; x_wconf 90' lang='lat' dir='ltr'>ipsius</span> <span class='ocrx_word' id='word_1_68' title='bbox 470 1009 500 1067; x_wconf 91' lang='lat' dir='ltr'>id</span> <span class='ocrx_word' id='word_1_69' title='bbox 519 1027 629 1078; x_wconf 81' lang='lat' dir='ltr'>caussa,</span> <span class='ocrx_word' id='word_1_70' title='bbox 650 1010 700 1083; x_wconf 91' lang='lat' dir='ltr'>qui</span> <span class='ocrx_word' id='word_1_71' title='bbox 721 1010 894 1088; x_wconf 82' lang='lat' dir='ltr'>objurgetur,</span> 
     </span>
     <span class='ocr_line' id='line_1_12' title="bbox 97 1087 895 1168; baseline -0.004 -18"><span class='ocrx_word' id='word_1_72' title='bbox 97 1100 263 1168; x_wconf 78' lang='lat' dir='ltr'>susceptum</span> <span class='ocrx_word' id='word_1_73' title='bbox 277 1109 350 1148; x_wconf 85' lang='lat' dir='ltr'>esse.</span> <span class='ocrx_word' id='word_1_74' title='bbox 393 1090 513 1148; x_wconf 85' lang='lat' dir='ltr'>Rectum</span> <span class='ocrx_word' id='word_1_75' title='bbox 523 1087 568 1145; x_wconf 86' lang='lat' dir='ltr'>est¹</span> <span class='ocrx_word' id='word_1_76' title='bbox 580 1097 683 1156; x_wconf 89' lang='lat' dir='ltr'>auteur,</span> <span class='ocrx_word' id='word_1_77' title='bbox 694 1089 778 1148; x_wconf 84' lang='lat' dir='ltr'>etiam</span> <span class='ocrx_word' id='word_1_78' title='bbox 794 1089 826 1146; x_wconf 92' lang='lat' dir='ltr'>in</span> <span class='ocrx_word' id='word_1_79' title='bbox 840 1089 895 1147; x_wconf 86' lang='lat' dir='ltr'>iliis</span> 
     </span>
     <span class='ocr_line' id='line_1_13' title="bbox 97 1167 894 1241; baseline -0.003 -13"><span class='ocrx_word' id='word_1_80' title='bbox 97 1171 336 1236; x_wconf 70' lang='lat' dir='ltr'>contentionibus,</span> <span class='ocrx_word' id='word_1_81' title='bbox 349 1187 411 1241; x_wconf 81' lang='lat' dir='ltr'>quae</span> <span class='ocrx_word' id='word_1_82' title='bbox 423 1187 487 1226; x_wconf 91' lang='lat' dir='ltr'>cum</span> <span class='ocrx_word' id='word_1_83' title='bbox 500 1167 706 1226; x_wconf 84' lang='lat' dir='ltr'>inimicissimis</span> <span class='ocrx_word' id='word_1_84' title='bbox 716 1168 797 1236; x_wconf 86' lang='lat' dir='ltr'>fiunt,</span> <span class='ocrx_word' id='word_1_85' title='bbox 809 1169 894 1226; x_wconf 89' lang='lat' dir='ltr'>ctiam</span> 
     </span>
     <span class='ocr_line' id='line_1_14' title="bbox 98 1246 896 1324; baseline 0 -19"><span class='ocrx_word' id='word_1_86' title='bbox 98 1247 124 1306; x_wconf 79' lang='lat' dir='ltr'>ei</span> <span class='ocrx_word' id='word_1_87' title='bbox 138 1249 221 1308; x_wconf 85' lang='lat' dir='ltr'>nobis</span> <span class='ocrx_word' id='word_1_88' title='bbox 235 1249 352 1323; x_wconf 78' lang='lat' dir='ltr'>indigna</span> <span class='ocrx_word' id='word_1_89' title='bbox 373 1246 530 1314; x_wconf 88' lang='lat' dir='ltr'>audiamus,</span> <span class='ocrx_word' id='word_1_90' title='bbox 556 1256 651 1305; x_wconf 86' lang='lat' dir='ltr'>tamen</span> <span class='ocrx_word' id='word_1_91' title='bbox 675 1247 841 1324; x_wconf 76' lang='lat' dir='ltr'>gravitatem</span> <span class='ocrx_word' id='word_1_92' title='bbox 855 1265 896 1305; x_wconf 87' lang='lat' dir='ltr'>rc·</span> 
     </span>
     <span class='ocr_line' id='line_1_15' title="bbox 100 1324 896 1401; baseline 0 -17"><span class='ocrx_word' id='word_1_93' title='bbox 100 1327 201 1394; x_wconf 86' lang='lat' dir='ltr'>tinere,</span> <span class='ocrx_word' id='word_1_94' title='bbox 213 1324 384 1384; x_wconf 79' lang='lat' dir='ltr'>iracundiam</span> <span class='ocrx_word' id='word_1_95' title='bbox 397 1325 521 1401; x_wconf 79' lang='lat' dir='ltr'>pellere·</span> <span class='ocrx_word' id='word_1_96' title='bbox 554 1325 624 1392; x_wconf 79' lang='lat' dir='ltr'>Quae</span> <span class='ocrx_word' id='word_1_97' title='bbox 635 1327 712 1384; x_wconf 91' lang='lat' dir='ltr'>enim</span> <span class='ocrx_word' id='word_1_98' title='bbox 724 1343 789 1384; x_wconf 89' lang='lat' dir='ltr'>cum</span> <span class='ocrx_word' id='word_1_99' title='bbox 803 1327 896 1400; x_wconf 84' lang='lat' dir='ltr'>aliqua</span> 
     </span>
     <span class='ocr_line' id='line_1_16' title="bbox 99 1403 894 1482; baseline 0.003 -20"><span class='ocrx_word' id='word_1_100' title='bbox 99 1405 307 1482; x_wconf 81' lang='lat' dir='ltr'>perturbatione</span> <span class='ocrx_word' id='word_1_101' title='bbox 317 1403 398 1470; x_wconf 91' lang='lat' dir='ltr'>fiunt,</span> <span class='ocrx_word' id='word_1_102' title='bbox 410 1421 443 1460; x_wconf 87' lang='lat' dir='ltr'>ca</span> <span class='ocrx_word' id='word_1_103' title='bbox 453 1408 673 1462; x_wconf 81' lang='lat' dir='ltr'>nec‘constan&#39;tcr</span> <span class='ocrx_word' id='word_1_104' title='bbox 683 1405 894 1482; x_wconf 80' lang='lat' dir='ltr'>fieriipossunt,</span> 
     </span>
     <span class='ocr_line' id='line_1_17' title="bbox 97 1479 893 1558; baseline 0.001 -16"><span class='ocrx_word' id='word_1_105' title='bbox 97 1501 191 1556; x_wconf 85' lang='lat' dir='ltr'>neque</span> <span class='ocrx_word' id='word_1_106' title='bbox 201 1482 248 1549; x_wconf 89' lang='lat' dir='ltr'>iis,</span> <span class='ocrx_word' id='word_1_107' title='bbox 262 1483 310 1554; x_wconf 92' lang='lat' dir='ltr'>qui</span> <span class='ocrx_word' id='word_1_108' title='bbox 327 1479 437 1550; x_wconf 86' lang='lat' dir='ltr'>adsunt,</span> <span class='ocrx_word' id='word_1_109' title='bbox 448 1483 568 1558; x_wconf 87' lang='lat' dir='ltr'>probari.</span> <span class='ocrx_word' id='word_1_110' title='bbox 591 1482 727 1542; x_wconf 81' lang='lat' dir='ltr'>Deforme</span> <span class='ocrx_word' id='word_1_111' title='bbox 738 1485 826 1543; x_wconf 88' lang='lat' dir='ltr'>etiam</span> <span class='ocrx_word' id='word_1_112' title='bbox 840 1495 893 1551; x_wconf 86' lang='lat' dir='ltr'>cst,</span> 
     </span>
     <span class='ocr_line' id='line_1_18' title="bbox 99 1560 894 1639; baseline 0.004 -20"><span class='ocrx_word' id='word_1_113' title='bbox 99 1561 134 1620; x_wconf 86' lang='lat' dir='ltr'>de</span> <span class='ocrx_word' id='word_1_114' title='bbox 149 1578 181 1618; x_wconf 86' lang='lat' dir='ltr'>se</span> <span class='ocrx_word' id='word_1_115' title='bbox 203 1561 298 1638; x_wconf 89' lang='lat' dir='ltr'>ipsum</span> <span class='ocrx_word' id='word_1_116' title='bbox 320 1560 482 1637; x_wconf 78' lang='lat' dir='ltr'>predicare,</span> <span class='ocrx_word' id='word_1_117' title='bbox 506 1562 576 1620; x_wconf 84' lang='lat' dir='ltr'>salsa</span> <span class='ocrx_word' id='word_1_118' title='bbox 590 1563 756 1639; x_wconf 76' lang='lat' dir='ltr'>presertim,</span> <span class='ocrx_word' id='word_1_119' title='bbox 778 1575 894 1622; x_wconf 86' lang='lat' dir='ltr'>etcum</span> 
     </span>
     <span class='ocr_line' id='line_1_19' title="bbox 100 1639 869 1720; baseline 0.003 -20"><span class='ocrx_word' id='word_1_120' title='bbox 100 1639 231 1700; x_wconf 81' lang='lat' dir='ltr'>irrisione</span> <span class='ocrx_word' id='word_1_121' title='bbox 245 1639 417 1699; x_wconf 82' lang='lat' dir='ltr'>audientium</span> <span class='ocrx_word' id='word_1_122' title='bbox 433 1639 537 1699; x_wconf 86' lang='lat' dir='ltr'>imitari</span> <span class='ocrx_word' id='word_1_123' title='bbox 549 1641 668 1714; x_wconf 76' lang='lat' dir='ltr'>militem</span> <span class='ocrx_word' id='word_1_124' title='bbox 682 1642 869 1720; x_wconf 77' lang='lat' dir='ltr'>gloriosumss</span> 
     </span>
    </p>
   </div>
   <div class='ocr_carea' id='block_1_3' title="bbox 64 1795 896 2322">
    <p class='ocr_par' dir='ltr' id='par_1_4' title="bbox 99 1795 895 1922">
     <span class='ocr_line' id='line_1_20' title="bbox 99 1795 895 1863; baseline 0.005 -17"><span class='ocrx_word' id='word_1_125' title='bbox 99 1803 144 1856; x_wconf 76' lang='lat' dir='ltr'>ort,</span> <span class='ocrx_word' id='word_1_126' title='bbox 166 1796 296 1861; x_wconf 72' lang='lat' dir='ltr'>aliquando</span> <span class='ocrx_word' id='word_1_127' title='bbox 317 1795 464 1858; x_wconf 84' lang='lat' dir='ltr'>simulanda,</span> <span class='ocrx_word' id='word_1_128' title='bbox 486 1798 507 1847; x_wconf 89' lang='lat' dir='ltr'>si</span> <span class='ocrx_word' id='word_1_129' title='bbox 528 1813 620 1863; x_wconf 85' lang='lat' dir='ltr'>segnes</span> <span class='ocrx_word' id='word_1_130' title='bbox 642 1799 794 1850; x_wconf 83' lang='lat' dir='ltr'>audientium</span> <span class='ocrx_word' id='word_1_131' title='bbox 818 1801 895 1850; x_wconf 83' lang='lat' dir='ltr'>animi</span> 
     </span>
     <span class='ocr_line' id='line_1_21' title="bbox 99 1863 640 1922; baseline -0.004 -8"><span class='ocrx_word' id='word_1_132' title='bbox 99 1863 238 1914; x_wconf 85' lang='lat' dir='ltr'>concitandi</span> <span class='ocrx_word' id='word_1_133' title='bbox 250 1865 330 1913; x_wconf 71' lang='lat' dir='ltr'>sunt”</span> <span class='ocrx_word' id='word_1_134' title='bbox 363 1863 457 1914; x_wconf 73' lang='lat' dir='ltr'>Seneca</span> <span class='ocrx_word' id='word_1_135' title='bbox 465 1864 495 1914; x_wconf 91' lang='lat' dir='ltr'>de</span> <span class='ocrx_word' id='word_1_136' title='bbox 507 1864 556 1922; x_wconf 88' lang='lat' dir='ltr'>Ira,</span> <span class='ocrx_word' id='word_1_137' title='bbox 567 1863 640 1916; x_wconf 78' lang='lat' dir='ltr'>it14.</span> 
     </span>
    </p>

    <p class='ocr_par' dir='ltr' id='par_1_5' title="bbox 64 1923 896 2192">
     <span class='ocr_line' id='line_1_22' title="bbox 132 1923 896 1996; baseline 0 -16"><span class='ocrx_word' id='word_1_138' title='bbox 132 1927 283 1980; x_wconf 61' lang='lat' dir='ltr'>*brennum</span> <span class='ocrx_word' id='word_1_139' title='bbox 294 1937 316 1978; x_wconf 85' lang='lat' dir='ltr'>et</span> <span class='ocrx_word' id='word_1_140' title='bbox 335 1931 484 1980; x_wconf 77' lang='lat' dir='ltr'>secondum:</span> <span class='ocrx_word' id='word_1_141' title='bbox 499 1929 537 1979; x_wconf 78' lang='lat' dir='ltr'>tie</span> <span class='ocrx_word' id='word_1_142' title='bbox 549 1937 648 1995; x_wconf 60' lang='lat' dir='ltr'>cautere</span> <span class='ocrx_word' id='word_1_143' title='bbox 667 1923 719 1980; x_wconf 80' lang='lat' dir='ltr'>ccii</span> <span class='ocrx_word' id='word_1_144' title='bbox 731 1933 896 1996; x_wconf 78' lang='lat' dir='ltr'>&#39;amputation</span> 
     </span>
     <span class='ocr_line' id='line_1_23' title="bbox 99 1994 895 2060; baseline 0.003 -15"><span class='ocrx_word' id='word_1_145' title='bbox 99 1995 140 2045; x_wconf 85' lang='lat' dir='ltr'>To</span> <span class='ocrx_word' id='word_1_146' title='bbox 146 2000 246 2060; x_wconf 86' lang='lat' dir='ltr'>prevent</span> <span class='ocrx_word' id='word_1_147' title='bbox 257 2011 307 2060; x_wconf 81' lang='lat' dir='ltr'>any</span> <span class='ocrx_word' id='word_1_148' title='bbox 318 1995 543 2060; x_wconf 75' lang='lat' dir='ltr'>nfisapprehensicn</span> <span class='ocrx_word' id='word_1_149' title='bbox 555 1994 585 2043; x_wconf 87' lang='lat' dir='ltr'>of</span> <span class='ocrx_word' id='word_1_150' title='bbox 590 1995 659 2044; x_wconf 84' lang='lat' dir='ltr'>these</span> <span class='ocrx_word' id='word_1_151' title='bbox 669 1996 811 2060; x_wconf 67' lang='lat' dir='ltr'>metaphoris</span> <span class='ocrx_word' id='word_1_152' title='bbox 822 1997 895 2050; x_wconf 74' lang='lat' dir='ltr'>taken</span> 
     </span>
     <span class='ocr_line' id='line_1_24' title="bbox 64 2060 895 2126; baseline 0.002 -16"><span class='ocrx_word' id='word_1_153' title='bbox 64 2081 66 2084; x_wconf 92' lang='lat'>·</span> <span class='ocrx_word' id='word_1_154' title='bbox 98 2061 163 2112; x_wconf 83' lang='lat' dir='ltr'>from</span> <span class='ocrx_word' id='word_1_155' title='bbox 175 2061 216 2110; x_wconf 82' lang='lat' dir='ltr'>the</span> <span class='ocrx_word' id='word_1_156' title='bbox 234 2061 342 2125; x_wconf 80' lang='lat' dir='ltr'>surgicel</span> <span class='ocrx_word' id='word_1_157' title='bbox 360 2068 406 2121; x_wconf 76' lang='lat' dir='ltr'>nrt,</span> <span class='ocrx_word' id='word_1_158' title='bbox 423 2077 491 2110; x_wconf 90' lang='lat' dir='ltr'>some</span> <span class='ocrx_word' id='word_1_159' title='bbox 505 2060 577 2112; x_wconf 87' lang='lat' dir='ltr'>MSS.</span> <span class='ocrx_word' id='word_1_160' title='bbox 595 2061 767 2112; x_wconf 78' lang='lat' dir='ltr'>cdd-medici:</span> <span class='ocrx_word' id='word_1_161' title='bbox 778 2063 895 2126; x_wconf 79' lang='lat' dir='ltr'>probably</span> 
     </span>
     <span class='ocr_line' id='line_1_25' title="bbox 100 2125 456 2192; baseline 0 -16"><span class='ocrx_word' id='word_1_162' title='bbox 100 2127 214 2176; x_wconf 86' lang='lat' dir='ltr'>removed</span> <span class='ocrx_word' id='word_1_163' title='bbox 223 2125 287 2174; x_wconf 75' lang='lat' dir='ltr'>from</span> <span class='ocrx_word' id='word_1_164' title='bbox 298 2127 339 2174; x_wconf 84' lang='lat' dir='ltr'>the</span> <span class='ocrx_word' id='word_1_165' title='bbox 351 2127 456 2192; x_wconf 84' lang='lat' dir='ltr'>margin.</span> 
     </span>
    </p>

    <p class='ocr_par' dir='ltr' id='par_1_6' title="bbox 100 2190 896 2322">
     <span class='ocr_line' id='line_1_26' title="bbox 132 2190 895 2254; baseline -0.001 -11"><span class='ocrx_word' id='word_1_166' title='bbox 132 2190 205 2243; x_wconf 83' lang='lat' dir='ltr'>iNee</span> <span class='ocrx_word' id='word_1_167' title='bbox 220 2197 358 2240; x_wconf 73' lang='lat' dir='ltr'>constanter</span> <span class='ocrx_word' id='word_1_168' title='bbox 369 2192 440 2254; x_wconf 83' lang='lat' dir='ltr'>fieri.</span> <span class='ocrx_word' id='word_1_169' title='bbox 472 2193 526 2240; x_wconf 87' lang='lat' dir='ltr'>Our</span> <span class='ocrx_word' id='word_1_170' title='bbox 546 2192 648 2253; x_wconf 81' lang='lat' dir='ltr'>actions,</span> <span class='ocrx_word' id='word_1_171' title='bbox 666 2191 739 2242; x_wconf 88' lang='lat' dir='ltr'>when</span> <span class='ocrx_word' id='word_1_172' title='bbox 757 2193 838 2242; x_wconf 87' lang='lat' dir='ltr'>under</span> <span class='ocrx_word' id='word_1_173' title='bbox 855 2192 895 2242; x_wconf 81' lang='lat' dir='ltr'>the</span> 
     </span>
     <span class='ocr_line' id='line_1_27' title="bbox 100 2253 896 2322; baseline 0.005 -18"><span class='ocrx_word' id='word_1_174' title='bbox 100 2253 224 2304; x_wconf 86' lang='lat' dir='ltr'>influence</span> <span class='ocrx_word' id='word_1_175' title='bbox 242 2256 272 2304; x_wconf 91' lang='lat' dir='ltr'>of</span> <span class='ocrx_word' id='word_1_176' title='bbox 286 2257 394 2320; x_wconf 75' lang='lat' dir='ltr'>passion,</span> <span class='ocrx_word' id='word_1_177' title='bbox 403 2257 454 2306; x_wconf 82' lang='lat' dir='ltr'>wiil</span> <span class='ocrx_word' id='word_1_178' title='bbox 469 2259 499 2308; x_wconf 88' lang='lat' dir='ltr'>be</span> <span class='ocrx_word' id='word_1_179' title='bbox 511 2258 675 2322; x_wconf 85' lang='lat' dir='ltr'>unbecoming</span> <span class='ocrx_word' id='word_1_180' title='bbox 692 2274 729 2317; x_wconf 81' lang='lat' dir='ltr'>us,</span> <span class='ocrx_word' id='word_1_181' title='bbox 741 2259 791 2308; x_wconf 76' lang='lat' dir='ltr'>trud</span> <span class='ocrx_word' id='word_1_182' title='bbox 806 2259 858 2308; x_wconf 86' lang='lat' dir='ltr'>will</span> <span class='ocrx_word' id='word_1_183' title='bbox 868 2259 896 2307; x_wconf 90' lang='lat' dir='ltr'>be</span> 
     </span>
    </p>
   </div>
   <div class='ocr_carea' id='block_1_4' title="bbox 101 2321 897 2437">
    <p class='ocr_par' dir='ltr' id='par_1_7' title="bbox 101 2321 897 2437">
     <span class='ocr_line' id='line_1_28' title="bbox 101 2321 897 2389; baseline 0.004 -19"><span class='ocrx_word' id='word_1_184' title='bbox 101 2321 275 2384; x_wconf 78' lang='lat' dir='ltr'>acconrpunied</span> <span class='ocrx_word' id='word_1_185' title='bbox 287 2322 347 2372; x_wconf 85' lang='lat' dir='ltr'>with</span> <span class='ocrx_word' id='word_1_186' title='bbox 358 2323 399 2371; x_wconf 81' lang='lat' dir='ltr'>tire</span> <span class='ocrx_word' id='word_1_187' title='bbox 411 2323 607 2386; x_wconf 80' lang='lat' dir='ltr'>disupprobation</span> <span class='ocrx_word' id='word_1_188' title='bbox 619 2324 648 2374; x_wconf 82' lang='lat' dir='ltr'>ci</span> <span class='ocrx_word' id='word_1_189' title='bbox 654 2339 728 2389; x_wconf 82' lang='lat' dir='ltr'>every</span> <span class='ocrx_word' id='word_1_190' title='bbox 741 2336 832 2388; x_wconf 81' lang='lat' dir='ltr'>person</span> <span class='ocrx_word' id='word_1_191' title='bbox 843 2325 897 2375; x_wconf 84' lang='lat' dir='ltr'>who</span> 
     </span>
     <span class='ocr_line' id='line_1_29' title="bbox 101 2386 316 2437; baseline 0 -1"><span class='ocrx_word' id='word_1_192' title='bbox 101 2386 230 2437; x_wconf 77' lang='lat' dir='ltr'>witnesses</span> <span class='ocrx_word' id='word_1_193' title='bbox 241 2387 316 2436; x_wconf 87' lang='lat' dir='ltr'>them.</span> 
     </span>
    </p>
   </div>
   <div class='ocr_carea' id='block_1_5' title="bbox 102 2443 895 2592">
    <p class='ocr_par' dir='ltr' id='par_1_8' title="bbox 102 2443 895 2592">
     <span class='ocr_line' id='line_1_30' title="bbox 134 2443 895 2521; baseline 0 -15"><span class='ocrx_word' id='word_1_194' title='bbox 134 2451 258 2506; x_wconf 68' lang='lat' dir='ltr'>runem</span> <span class='ocrx_word' id='word_1_195' title='bbox 275 2453 417 2518; x_wconf 73' lang='lat' dir='ltr'>gloriosam.</span> <span class='ocrx_word' id='word_1_196' title='bbox 450 2453 513 2502; x_wconf 73' lang='lat' dir='ltr'>mis</span> <span class='ocrx_word' id='word_1_197' title='bbox 534 2454 661 2505; x_wconf 62' lang='lat' dir='ltr'>cinaeos</span> <span class='ocrx_word' id='word_1_198' title='bbox 680 2471 731 2504; x_wconf 69' lang='lat' dir='ltr'>was</span> <span class='ocrx_word' id='word_1_199' title='bbox 751 2455 854 2518; x_wconf 79' lang='lat' dir='ltr'>painted</span> <span class='ocrx_word' id='word_1_200' title='bbox 861 2443 895 2521; x_wconf 75' lang='lat' dir='ltr'>by</span> 
     </span>
     <span class='ocr_line' id='line_1_31' title="bbox 102 2517 814 2592; baseline 0 -22"><span class='ocrx_word' id='word_1_201' title='bbox 102 2517 255 2578; x_wconf 76' lang='lat' dir='ltr'>Menander3</span> <span class='ocrx_word' id='word_1_202' title='bbox 266 2519 299 2584; x_wconf 84' lang='lat' dir='ltr'>by</span> <span class='ocrx_word' id='word_1_203' title='bbox 311 2517 428 2579; x_wconf 58' lang='lat' dir='ltr'>Plautum</span> <span class='ocrx_word' id='word_1_204' title='bbox 440 2520 526 2584; x_wconf 72' lang='lat' dir='ltr'>undby</span> <span class='ocrx_word' id='word_1_205' title='bbox 539 2519 666 2592; x_wconf 81' lang='lat' dir='ltr'>Terence;</span> <span class='ocrx_word' id='word_1_206' title='bbox 677 2519 741 2570; x_wconf 79' lang='lat' dir='ltr'>Eum</span> <span class='ocrx_word' id='word_1_207' title='bbox 753 2519 814 2570; x_wconf 82' lang='lat' dir='ltr'>iil.</span> 
     </span>
    </p>
   </div>
   <div class='ocr_carea' id='block_1_6' title="bbox 0 0 952 3216">
    <p class='ocr_par' dir='ltr' id='par_1_9' title="bbox 0 0 952 3216">
     <span class='ocr_line' id='line_1_32' title="bbox 0 0 952 3216; baseline 0 0"><span class='ocrx_word' id='word_1_208' title='bbox 0 0 952 3216; x_wconf 95' lang='lat' dir='ltr'> </span> 
     </span>
    </p>
   </div>
  </div>
 </body>
</html>
