1890 3224
91 205 150 262 288
372 205 420 254 me
438 205 593 254 osricus.

130 347 188 406 Sed
215 348 346 421 quoniam
373 369 390 405 a
417 358 547 420 quatuor·
570 347 694 406 lontibus
722 346 880 406 honestatis

90 428 182 504 primo
193 427 264 485 libro
273 427 367 484 officia
377 426 521 495 duximus,
533 428 562 484 in
574 426 681 484 eisdem
692 429 879 494 versabimur,

90 523 156 564 cnm
182 504 358 574 docebimus,
382 525 426 574 ea,
454 524 517 577 quie
544 505 672 564 videntur
695 523 761 563 esse
786 507 879 574 utilia,

89 602 181 657 neque
201 595 276 652 sunt,
291 603 376 656 quani
398 585 456 642 sint
479 585 588 642 virtutis
611 585 737 642 inimica.
778 585 881 644 Aede

89 661 236 738 prudentia
263 663 387 736 quidem,
416 681 501 735 quam
531 663 591 720 vult
616 662 720 720 imitari
747 665 879 732 malitia,

89 742 213 815 itemque
227 740 262 799 de
273 743 392 818 justitia,
407 759 469 814 quae
490 758 603 818 semper
616 753 659 799 est
672 742 761 809 utilis,
781 742 881 818 dispu-

88 829 176 878 tatum
189 829 243 880 est.
285 820 411 894 Reliquae
433 829 500 878 sunt
512 820 574 878 dure
593 831 686 897 partes
709 820 880 889 honestatis,

88 917 206 974 quarum
221 900 307 958 altera
319 901 349 958 in
362 899 449 958 animi
463 899 627 957 excellentis
639 899 834 974 magnitudine
849 912 880 957 et

88 979 249 1055 praestantia
276 979 408 1048 cernitur,
431 975 517 1036 altera
540 977 571 1036 in
598 977 821 1037 conformatione
849 988 880 1036 et

88 1057 280 1122 moderatione
295 1057 473 1118 continentias
488 1067 516 1114 et
526 1055 727 1134 temperantiae.

89 1213 179 1274 CAP.
198 1213 310 1274 XXVI.
348 1211 528 1292 Exemplum
547 1211 662 1292 Ulyseis
684 1211 807 1272 adducit
829 1211 877 1272 01·-

127 1311 214 1362 oero3
235 1309 327 1370 quum
341 1291 494 1352 lectitatum
514 1291 638 1360 nonsit,
659 1309 712 1351 nec
726 1291 800 1351 utile
814 1309 876 1350 esse

121 1387 220 1450 posse.

126 1512 224 1572 Urnis
240 1508 383 1569 videbatur
398 1509 489 1581 Ulixi,
503 1521 535 1570 nt
549 1511 663 1586 quidem
679 1511 810 1593 [politae]
824 1523 875 1572 tra·
933 1527 934 1538 ¹

85 1591 160 1670 gioi*
184 1587 385 1666 prodidemnt:
407 1608 474 1648 nam
502 1591 576 1668 apud
604 1591 777 1662 Homerum,
804 1592 876 1670 opti·

85 1688 165 1729 mum
179 1679 331 1737 auctorem,
353 1669 416 1727 telis
431 1670 466 1727 de
480 1669 568 1729 Ulixe
582 1670 659 1728 nulla
678 1672 809 1749 suspicio
822 1682 874 1738 est,

85 1749 137 1806 sed
145 1747 308 1808 insimulant
319 1766 384 1806 eum
394 1749 543 1825 tragoediae,
555 1749 736 1808 simulatione
749 1751 875 1817 insanie,

85 1827 216 1887 militiam
243 1826 433 1904 subterfugere
454 1827 590 1885 voluisse.
632 1827 701 1886 Non
724 1830 875 1888 honestum

85 1908 246 1966 consilium.
286 1906 325 1964 At
344 1906 422 1974 utile,
444 1917 476 1963 ut
490 1905 591 1977 aliquis
613 1905 732 1966 fortasse
755 1909 868 1975 dixerit,

85 2003 211 2063 regnare,
226 1994 255 2041 et
267 1982 369 2042 Ithaoae
385 1985 478 2042 vivere
499 1984 589 2041 otiose
611 2002 675 2042 cum
699 1989 875 2062 parentibus,

85 2082 150 2122 euin
164 2081 262 2132 uxore,
277 2081 342 2120 curn
362 2062 432 2121 filio.
474 2061 572 2120 Ullum
587 2073 615 2120 tu
637 2062 724 2121 decus
740 2067 771 2123 in
785 2068 877 2138 quoti·
930 2129 931 2140 χ

85 2141 177 2202 dianis
202 2141 343 2200 laboribus
358 2152 387 2198 et
400 2140 533 2218 periculis
556 2157 622 2198 oum
643 2141 698 2198 hae
720 2144 878 2216 tranquilli·
930 2141 931 2154 ¹

85 2229 139 2278 tate
153 2218 353 2282 conferendum
367 2220 472 2296 putasl
493 2218 559 2296 Ego
572 2237 639 2278 vero
653 2220 737 2280 istam
749 2231 876 2282 contem-
929 2267 930 2341 p

341 2409 506 2460 CHAPTER
522 2411 613 2460 XXVI.

115 2541 131 2575 θ
147 2535 253 2604 ling-ici.
294 2539 434 2604 Hesychius
456 2541 504 2588 and
526 2540 568 2589 the
588 2540 704 2591 scholinst
722 2559 755 2591 on
775 2541 876 2604 Pindos,

84 2603 171 2654 tethin.
182 2604 221 2652 Od
238 2604 276 2662 iu,
287 2604 334 2652 cite
346 2605 387 2652 the
400 2605 532 2658 Ὀδυσσεὺς
543 2607 685 2669 ,asistente
699 2607 729 2656 of
734 2608 875 2670 Sophocles.

82 2667 184 2716 Neither
201 2668 255 2716 that
274 2683 318 2716 nor
332 2683 382 2730 any
392 2669 461 2719 other
478 2670 557 2734 tregic
574 2672 641 2734 piece
652 2673 683 2722 of
694 2672 819 2737 antiquity
837 2689 875 2723 re-

80 2730 170 2788 mains,
180 2731 207 2778 in
217 2732 299 2781 which
310 2731 410 2794 Ulyssss
425 2733 447 2781 is
458 2737 611 2796 represented
622 2753 649 2785 us
660 2738 725 2786 mad
756 2738 782 2785 A
792 2744 874 2804 trege-

81 2791 115 2852 dy
126 2793 155 2840 ol
160 2792 282 2842 Pacuvius
293 2795 341 2842 had
352 2794 393 2842 the
405 2797 456 2846 title
468 2799 498 2846 of
509 2798 638 2849 Judicium
648 2816 790 2858 armorumi
807 2803 873 2853 from

80 2853 169 2913 which.
179 2857 293 2922 possibly,
303 2871 356 2908 was
366 2860 436 2910 mede
447 2861 489 2910 the
499 2868 593 2912 extract
604 2863 686 2915 which
694 2865 794 2916 follows.
