<?xml version="1.0" encoding="UTF-8"?>
<!DOCTYPE html PUBLIC "-//W3C//DTD XHTML 1.0 Transitional//EN"
    "http://www.w3.org/TR/xhtml1/DTD/xhtml1-transitional.dtd">
<html xmlns="http://www.w3.org/1999/xhtml" xml:lang="en" lang="en">
 <head>
  <title>
</title>
<meta http-equiv="Content-Type" content="text/html;charset=utf-8" />
  <meta name='ocr-system' content='tesseract 3.04.00' />
  <meta name='ocr-capabilities' content='ocr_page ocr_carea ocr_par ocr_line ocrx_word'/>
</head>
<body>
  <div class='ocr_page' id='page_1' title='image "./deofficiislibri04cicegoog_0087.png"; bbox 0 0 1882 3216; ppageno 0'>
   <div class='ocr_carea' id='block_1_1' title="bbox 85 113 688 216">
    <p class='ocr_par' dir='ltr' id='par_1_1' title="bbox 85 113 688 216">
     <span class='ocr_line' id='line_1_1' title="bbox 85 113 688 216; baseline 0.002 -14"><span class='ocrx_word' id='word_1_1' title='bbox 85 161 122 216; x_wconf 70' lang='lat'><strong>50</strong></span> <span class='ocrx_word' id='word_1_2' title='bbox 367 150 415 203; x_wconf 72' lang='lat' dir='ltr'><strong>DE</strong></span> <span class='ocrx_word' id='word_1_3' title='bbox 433 147 585 202; x_wconf 74' lang='lat' dir='ltr'><strong>OFFlcltS.</strong></span> <span class='ocrx_word' id='word_1_4' title='bbox 682 113 688 127; x_wconf 21' lang='grc' dir='ltr'>ἱ</span> 
     </span>
    </p>
   </div>
   <div class='ocr_carea' id='block_1_2' title="bbox 81 294 869 1552">
    <p class='ocr_par' dir='ltr' id='par_1_2' title="bbox 81 294 868 1000">
     <span class='ocr_line' id='line_1_2' title="bbox 83 294 866 378; baseline -0.003 -24"><span class='ocrx_word' id='word_1_5' title='bbox 83 298 175 368; x_wconf 89' lang='lat' dir='ltr'><strong>tiaque</strong></span> <span class='ocrx_word' id='word_1_6' title='bbox 197 295 305 355; x_wconf 82' lang='lat' dir='ltr'><strong>victuri.</strong></span> <span class='ocrx_word' id='word_1_7' title='bbox 344 296 414 363; x_wconf 80' lang='lat' dir='ltr'><strong>Quae</strong></span> <span class='ocrx_word' id='word_1_8' title='bbox 434 294 558 354; x_wconf 79' lang='lat' dir='ltr'>faciliora</span> <span class='ocrx_word' id='word_1_9' title='bbox 584 303 650 378; x_wconf 81' lang='lat' dir='ltr'><strong>sunt</strong></span> <span class='ocrx_word' id='word_1_10' title='bbox 676 294 866 372; x_wconf 84' lang='lat' dir='ltr'><strong>philosophis,</strong></span> 
     </span>
     <span class='ocr_line' id='line_1_3' title="bbox 84 374 868 450; baseline -0.001 -18"><span class='ocrx_word' id='word_1_11' title='bbox 84 377 242 447; x_wconf 86' lang='lat' dir='ltr'><strong>quominus</strong></span> <span class='ocrx_word' id='word_1_12' title='bbox 256 375 343 433; x_wconf 88' lang='lat' dir='ltr'><strong>multa</strong></span> <span class='ocrx_word' id='word_1_13' title='bbox 353 385 448 450; x_wconf 85' lang='lat' dir='ltr'><strong>patent</strong></span> <span class='ocrx_word' id='word_1_14' title='bbox 461 375 673 442; x_wconf 65' lang='lat' dir='ltr'><strong>incommuta,</strong></span> <span class='ocrx_word' id='word_1_15' title='bbox 685 374 868 447; x_wconf 83' lang='lat' dir='ltr'><strong>quaefortuna</strong></span> 
     </span>
     <span class='ocr_line' id='line_1_4' title="bbox 82 453 866 529; baseline 0.001 -20"><span class='ocrx_word' id='word_1_16' title='bbox 82 453 171 522; x_wconf 87' lang='lat' dir='ltr'><strong>seriat,</strong></span> <span class='ocrx_word' id='word_1_17' title='bbox 186 465 214 511; x_wconf 93' lang='lat' dir='ltr'><strong>et</strong></span> <span class='ocrx_word' id='word_1_18' title='bbox 228 473 284 526; x_wconf 87' lang='lat' dir='ltr'><strong>quo</strong></span> <span class='ocrx_word' id='word_1_19' title='bbox 304 455 397 512; x_wconf 88' lang='lat' dir='ltr'><strong>minus</strong></span> <span class='ocrx_word' id='word_1_20' title='bbox 418 454 513 511; x_wconf 85' lang='lat' dir='ltr'><strong>multis</strong></span> <span class='ocrx_word' id='word_1_21' title='bbox 528 455 609 511; x_wconf 87' lang='lat' dir='ltr'><strong>rebus</strong></span> <span class='ocrx_word' id='word_1_22' title='bbox 624 465 726 529; x_wconf 86' lang='lat' dir='ltr'><strong>egent:</strong></span> <span class='ocrx_word' id='word_1_23' title='bbox 749 463 778 510; x_wconf 85' lang='lat' dir='ltr'><strong>et</strong></span> <span class='ocrx_word' id='word_1_24' title='bbox 792 454 866 526; x_wconf 90' lang='lat' dir='ltr'><strong>quia,</strong></span> 
     </span>
     <span class='ocr_line' id='line_1_5' title="bbox 82 531 866 608; baseline 0.001 -21"><span class='ocrx_word' id='word_1_25' title='bbox 82 533 108 587; x_wconf 88' lang='lat' dir='ltr'><strong>si</strong></span> <span class='ocrx_word' id='word_1_26' title='bbox 123 533 190 604; x_wconf 83' lang='lat' dir='ltr'><strong>quId</strong></span> <span class='ocrx_word' id='word_1_27' title='bbox 210 533 318 590; x_wconf 86' lang='lat' dir='ltr'><strong>adversi</strong></span> <span class='ocrx_word' id='word_1_28' title='bbox 339 533 457 606; x_wconf 84' lang='lat' dir='ltr'><strong>eveniat,</strong></span> <span class='ocrx_word' id='word_1_29' title='bbox 478 541 534 589; x_wconf 87' lang='lat' dir='ltr'><strong>tarn</strong></span> <span class='ocrx_word' id='word_1_30' title='bbox 555 532 674 608; x_wconf 84' lang='lat' dir='ltr'><strong>graviter</strong></span> <span class='ocrx_word' id='word_1_31' title='bbox 694 531 792 588; x_wconf 85' lang='lat' dir='ltr'><strong>cadere</strong></span> <span class='ocrx_word' id='word_1_32' title='bbox 811 551 866 589; x_wconf 90' lang='lat' dir='ltr'><strong>non</strong></span> 
     </span>
     <span class='ocr_line' id='line_1_6' title="bbox 83 610 868 686; baseline 0 -20"><span class='ocrx_word' id='word_1_33' title='bbox 83 621 211 684; x_wconf 86' lang='lat' dir='ltr'><strong>possunt.</strong></span> <span class='ocrx_word' id='word_1_34' title='bbox 232 612 370 678; x_wconf 83' lang='lat' dir='ltr'>Quocirca</span> <span class='ocrx_word' id='word_1_35' title='bbox 383 631 441 669; x_wconf 92' lang='lat' dir='ltr'><strong>non</strong></span> <span class='ocrx_word' id='word_1_36' title='bbox 455 610 516 668; x_wconf 87' lang='lat' dir='ltr'><strong>sine</strong></span> <span class='ocrx_word' id='word_1_37' title='bbox 527 629 627 667; x_wconf 77' lang='lat' dir='ltr'>caussa</span> <span class='ocrx_word' id='word_1_38' title='bbox 638 612 759 686; x_wconf 86' lang='lat' dir='ltr'><strong>majores</strong></span> <span class='ocrx_word' id='word_1_39' title='bbox 774 621 868 668; x_wconf 89' lang='lat' dir='ltr'><strong>motus</strong></span> 
     </span>
     <span class='ocr_line' id='line_1_7' title="bbox 82 688 868 765; baseline 0.005 -23"><span class='ocrx_word' id='word_1_40' title='bbox 82 689 239 747; x_wconf 87' lang='lat' dir='ltr'><strong>animorum</strong></span> <span class='ocrx_word' id='word_1_41' title='bbox 254 691 435 756; x_wconf 78' lang='lat' dir='ltr'><strong>concitantur,</strong></span> <span class='ocrx_word' id='word_1_42' title='bbox 450 689 609 765; x_wconf 86' lang='lat' dir='ltr'><strong>majoraque</strong></span> <span class='ocrx_word' id='word_1_43' title='bbox 630 688 795 746; x_wconf 78' lang='lat' dir='ltr'><strong>efficienda*</strong></span> <span class='ocrx_word' id='word_1_44' title='bbox 809 707 868 746; x_wconf 86' lang='lat' dir='ltr'><strong>reru</strong></span> 
     </span>
     <span class='ocr_line' id='line_1_8' title="bbox 82 767 867 844; baseline 0 -20"><span class='ocrx_word' id='word_1_45' title='bbox 82 767 222 840; x_wconf 81' lang='lat' dir='ltr'>publicam</span> <span class='ocrx_word' id='word_1_46' title='bbox 235 769 404 844; x_wconf 80' lang='lat' dir='ltr'><strong>gerentibus,</strong></span> <span class='ocrx_word' id='word_1_47' title='bbox 417 786 500 840; x_wconf 88' lang='lat' dir='ltr'><strong>quarn</strong></span> <span class='ocrx_word' id='word_1_48' title='bbox 510 769 626 839; x_wconf 90' lang='lat' dir='ltr'><strong>quietis;</strong></span> <span class='ocrx_word' id='word_1_49' title='bbox 648 785 704 839; x_wconf 94' lang='lat' dir='ltr'><strong>quo</strong></span> <span class='ocrx_word' id='word_1_50' title='bbox 718 768 811 843; x_wconf 81' lang='lat' dir='ltr'><strong>magis</strong></span> <span class='ocrx_word' id='word_1_51' title='bbox 824 769 867 825; x_wconf 85' lang='lat' dir='ltr'><strong>his</strong></span> 
     </span>
     <span class='ocr_line' id='line_1_9' title="bbox 82 845 866 922; baseline 0.004 -22"><span class='ocrx_word' id='word_1_52' title='bbox 82 855 111 901; x_wconf 85' lang='lat' dir='ltr'><strong>et</strong></span> <span class='ocrx_word' id='word_1_53' title='bbox 123 847 285 922; x_wconf 86' lang='lat' dir='ltr'><strong>magnitudo</strong></span> <span class='ocrx_word' id='word_1_54' title='bbox 299 856 342 904; x_wconf 80' lang='lat' dir='ltr'><strong>est</strong></span> <span class='ocrx_word' id='word_1_55' title='bbox 363 847 449 906; x_wconf 88' lang='lat' dir='ltr'><strong>animi</strong></span> <span class='ocrx_word' id='word_1_56' title='bbox 469 845 635 915; x_wconf 85' lang='lat' dir='ltr'><strong>adhibenda,</strong></span> <span class='ocrx_word' id='word_1_57' title='bbox 651 856 680 904; x_wconf 89' lang='lat' dir='ltr'><strong>et</strong></span> <span class='ocrx_word' id='word_1_58' title='bbox 693 847 819 904; x_wconf 80' lang='lat' dir='ltr'><strong>vacuitas</strong></span> <span class='ocrx_word' id='word_1_59' title='bbox 829 847 866 916; x_wconf 26' lang='lat' dir='ltr'><strong>&#39;ab</strong></span> 
     </span>
     <span class='ocr_line' id='line_1_10' title="bbox 81 926 240 1000; baseline 0.025 -21"><span class='ocrx_word' id='word_1_60' title='bbox 81 926 240 1000; x_wconf 84' lang='lat' dir='ltr'><strong>angoribus.</strong></span> 
     </span>
    </p>

    <p class='ocr_par' dir='ltr' id='par_1_3' title="bbox 84 1001 869 1552">
     <span class='ocr_line' id='line_1_11' title="bbox 123 1001 867 1082; baseline 0 -22"><span class='ocrx_word' id='word_1_61' title='bbox 123 1004 166 1060; x_wconf 88' lang='lat' dir='ltr'><strong>Ad</strong></span> <span class='ocrx_word' id='word_1_62' title='bbox 181 1024 239 1063; x_wconf 90' lang='lat' dir='ltr'><strong>rem</strong></span> <span class='ocrx_word' id='word_1_63' title='bbox 265 1003 413 1082; x_wconf 89' lang='lat' dir='ltr'><strong>gerendam</strong></span> <span class='ocrx_word' id='word_1_64' title='bbox 429 1013 521 1062; x_wconf 83' lang='lat' dir='ltr'><strong>autem</strong></span> <span class='ocrx_word' id='word_1_65' title='bbox 546 1003 595 1077; x_wconf 87' lang='lat' dir='ltr'><strong>qui</strong></span> <span class='ocrx_word' id='word_1_66' title='bbox 617 1001 734 1070; x_wconf 82' lang='lat' dir='ltr'><strong>accedit,</strong></span> <span class='ocrx_word' id='word_1_67' title='bbox 761 1012 867 1070; x_wconf 85' lang='lat' dir='ltr'><strong>caveat,</strong></span> 
     </span>
     <span class='ocr_line' id='line_1_12' title="bbox 84 1082 866 1156; baseline 0 -18"><span class='ocrx_word' id='word_1_68' title='bbox 84 1097 119 1138; x_wconf 92' lang='lat' dir='ltr'><strong>ne</strong></span> <span class='ocrx_word' id='word_1_69' title='bbox 137 1082 166 1140; x_wconf 90' lang='lat' dir='ltr'><strong>id</strong></span> <span class='ocrx_word' id='word_1_70' title='bbox 180 1083 264 1142; x_wconf 91' lang='lat' dir='ltr'><strong>modo</strong></span> <span class='ocrx_word' id='word_1_71' title='bbox 279 1083 444 1151; x_wconf 84' lang='lat' dir='ltr'><strong>consideret,</strong></span> <span class='ocrx_word' id='word_1_72' title='bbox 460 1102 543 1156; x_wconf 88' lang='lat' dir='ltr'><strong>quarn</strong></span> <span class='ocrx_word' id='word_1_73' title='bbox 558 1083 606 1139; x_wconf 87' lang='lat' dir='ltr'><strong>iila</strong></span> <span class='ocrx_word' id='word_1_74' title='bbox 618 1101 663 1139; x_wconf 85' lang='lat' dir='ltr'><strong>res</strong></span> <span class='ocrx_word' id='word_1_75' title='bbox 678 1082 798 1139; x_wconf 82' lang='lat' dir='ltr'><strong>honesta</strong></span> <span class='ocrx_word' id='word_1_76' title='bbox 811 1082 866 1138; x_wconf 84' lang='lat' dir='ltr'><strong>sit:</strong></span> 
     </span>
     <span class='ocr_line' id='line_1_13' title="bbox 85 1159 867 1232; baseline 0.003 -16"><span class='ocrx_word' id='word_1_77' title='bbox 85 1161 135 1218; x_wconf 84' lang='lat' dir='ltr'><strong>sed</strong></span> <span class='ocrx_word' id='word_1_78' title='bbox 150 1163 243 1228; x_wconf 89' lang='lat' dir='ltr'><strong>etiam,</strong></span> <span class='ocrx_word' id='word_1_79' title='bbox 253 1172 285 1219; x_wconf 87' lang='lat' dir='ltr'><strong>ut</strong></span> <span class='ocrx_word' id='word_1_80' title='bbox 297 1163 396 1220; x_wconf 85' lang='lat' dir='ltr'><strong>habeat</strong></span> <span class='ocrx_word' id='word_1_81' title='bbox 406 1161 545 1219; x_wconf 89' lang='lat' dir='ltr'><strong>efficiendi</strong></span> <span class='ocrx_word' id='word_1_82' title='bbox 557 1161 724 1218; x_wconf 79' lang='lat' dir='ltr'><strong>facultatem.</strong></span> <span class='ocrx_word' id='word_1_83' title='bbox 764 1159 798 1217; x_wconf 91' lang='lat' dir='ltr'><strong>ln</strong></span> <span class='ocrx_word' id='word_1_84' title='bbox 811 1177 867 1232; x_wconf 85' lang='lat' dir='ltr'><strong>quo</strong></span> 
     </span>
     <span class='ocr_line' id='line_1_14' title="bbox 85 1237 866 1314; baseline 0.003 -20"><span class='ocrx_word' id='word_1_85' title='bbox 85 1238 148 1313; x_wconf 90' lang='lat' dir='ltr'><strong>ipso</strong></span> <span class='ocrx_word' id='word_1_86' title='bbox 167 1239 402 1298; x_wconf 89' lang='lat' dir='ltr'><strong>considerandum</strong></span> <span class='ocrx_word' id='word_1_87' title='bbox 423 1249 475 1306; x_wconf 82' lang='lat' dir='ltr'><strong>est,</strong></span> <span class='ocrx_word' id='word_1_88' title='bbox 489 1258 525 1296; x_wconf 90' lang='lat' dir='ltr'><strong>ne</strong></span> <span class='ocrx_word' id='word_1_89' title='bbox 546 1249 593 1296; x_wconf 90' lang='lat' dir='ltr'><strong>aut</strong></span> <span class='ocrx_word' id='word_1_90' title='bbox 607 1248 710 1296; x_wconf 87' lang='lat' dir='ltr'><strong>temere</strong></span> <span class='ocrx_word' id='word_1_91' title='bbox 724 1237 866 1314; x_wconf 84' lang='lat' dir='ltr'><strong>desperet,</strong></span> 
     </span>
     <span class='ocr_line' id='line_1_15' title="bbox 84 1317 869 1394; baseline 0.003 -22"><span class='ocrx_word' id='word_1_92' title='bbox 84 1325 198 1392; x_wconf 83' lang='lat' dir='ltr'><strong>propter</strong></span> <span class='ocrx_word' id='word_1_93' title='bbox 210 1319 369 1394; x_wconf 85' lang='lat' dir='ltr'><strong>ignaviam:</strong></span> <span class='ocrx_word' id='word_1_94' title='bbox 391 1328 438 1373; x_wconf 91' lang='lat' dir='ltr'><strong>aut</strong></span> <span class='ocrx_word' id='word_1_95' title='bbox 451 1318 535 1374; x_wconf 85' lang='lat' dir='ltr'><strong>nimis</strong></span> <span class='ocrx_word' id='word_1_96' title='bbox 550 1317 680 1383; x_wconf 84' lang='lat' dir='ltr'><strong>confidat,</strong></span> <span class='ocrx_word' id='word_1_97' title='bbox 692 1327 807 1392; x_wconf 87' lang='lat' dir='ltr'><strong>propter</strong></span> <span class='ocrx_word' id='word_1_98' title='bbox 821 1335 869 1374; x_wconf 91' lang='lat' dir='ltr'><strong>cu·</strong></span> 
     </span>
     <span class='ocr_line' id='line_1_16' title="bbox 84 1393 867 1472; baseline 0.005 -23"><span class='ocrx_word' id='word_1_99' title='bbox 84 1393 238 1469; x_wconf 87' lang='lat' dir='ltr'><strong>piditatem.</strong></span> <span class='ocrx_word' id='word_1_100' title='bbox 259 1394 293 1452; x_wconf 91' lang='lat' dir='ltr'><strong>In</strong></span> <span class='ocrx_word' id='word_1_101' title='bbox 304 1395 433 1451; x_wconf 86' lang='lat' dir='ltr'><strong>omnibus</strong></span> <span class='ocrx_word' id='word_1_102' title='bbox 446 1405 538 1452; x_wconf 82' lang='lat' dir='ltr'><strong>autern</strong></span> <span class='ocrx_word' id='word_1_103' title='bbox 549 1397 680 1472; x_wconf 83' lang='lat' dir='ltr'><strong>negotiis,</strong></span> <span class='ocrx_word' id='word_1_104' title='bbox 693 1397 867 1471; x_wconf 85' lang='lat' dir='ltr'><strong>priusquam</strong></span> 
     </span>
     <span class='ocr_line' id='line_1_17' title="bbox 85 1471 808 1552; baseline 0.008 -25"><span class='ocrx_word' id='word_1_105' title='bbox 85 1471 253 1547; x_wconf 84' lang='lat' dir='ltr'><strong>adgrediare,</strong></span> <span class='ocrx_word' id='word_1_106' title='bbox 268 1471 424 1530; x_wconf 87' lang='lat' dir='ltr'><strong>adhibenda</strong></span> <span class='ocrx_word' id='word_1_107' title='bbox 443 1482 487 1530; x_wconf 83' lang='lat' dir='ltr'><strong>est</strong></span> <span class='ocrx_word' id='word_1_108' title='bbox 499 1475 662 1551; x_wconf 82' lang='lat' dir='ltr'><strong>praeparatio</strong></span> <span class='ocrx_word' id='word_1_109' title='bbox 676 1474 808 1552; x_wconf 84' lang='lat' dir='ltr'><strong>diligens.</strong></span> 
     </span>
    </p>
   </div>
   <div class='ocr_carea' id='block_1_3' title="bbox 85 1643 865 1727">
    <p class='ocr_par' dir='ltr' id='par_1_4' title="bbox 85 1643 865 1727">
     <span class='ocr_line' id='line_1_18' title="bbox 85 1643 865 1727; baseline 0.006 -25"><span class='ocrx_word' id='word_1_110' title='bbox 85 1643 173 1702; x_wconf 86' lang='grc' dir='ltr'>ΟΑΡ.</span> <span class='ocrx_word' id='word_1_111' title='bbox 188 1645 284 1704; x_wconf 88' lang='lat' dir='ltr'><strong>XXII.</strong></span> <span class='ocrx_word' id='word_1_112' title='bbox 306 1645 343 1704; x_wconf 85' lang='lat' dir='ltr'><strong>In</strong></span> <span class='ocrx_word' id='word_1_113' title='bbox 355 1647 439 1705; x_wconf 77' lang='lat' dir='ltr'><strong>reduc</strong></span> <span class='ocrx_word' id='word_1_114' title='bbox 453 1646 566 1716; x_wconf 77' lang='lat' dir='ltr'><strong>arduis,</strong></span> <span class='ocrx_word' id='word_1_115' title='bbox 580 1647 628 1706; x_wconf 82' lang='lat' dir='ltr'><strong>cci</strong></span> <span class='ocrx_word' id='word_1_116' title='bbox 634 1649 719 1727; x_wconf 75' lang='lat' dir='ltr'><strong>pacis</strong></span> <span class='ocrx_word' id='word_1_117' title='bbox 730 1647 778 1706; x_wconf 81' lang='lat' dir='ltr'><strong>vet</strong></span> <span class='ocrx_word' id='word_1_118' title='bbox 788 1647 865 1718; x_wconf 86' lang='lat' dir='ltr'><strong>belli,</strong></span> 
     </span>
    </p>
   </div>
   <div class='ocr_carea' id='block_1_4' title="bbox 111 1725 932 1888">
    <p class='ocr_par' dir='ltr' id='par_1_5' title="bbox 111 1725 932 1888">
     <span class='ocr_line' id='line_1_19' title="bbox 124 1725 932 1801; baseline 0.007 -19"><span class='ocrx_word' id='word_1_119' title='bbox 124 1725 250 1801; x_wconf 81' lang='lat' dir='ltr'><strong>conspici</strong></span> <span class='ocrx_word' id='word_1_120' title='bbox 274 1725 368 1784; x_wconf 85' lang='lat' dir='ltr'><strong>animi</strong></span> <span class='ocrx_word' id='word_1_121' title='bbox 388 1745 438 1784; x_wconf 87' lang='lat' dir='ltr'><strong>mc</strong></span> <span class='ocrx_word' id='word_1_122' title='bbox 462 1726 635 1785; x_wconf 78' lang='lat' dir='ltr'><strong>citudinem.</strong></span> <span class='ocrx_word' id='word_1_123' title='bbox 678 1727 866 1787; x_wconf 77' lang='lat' dir='ltr'><strong>Domesticos</strong></span> <span class='ocrx_word' id='word_1_124' title='bbox 931 1789 932 1798; x_wconf 59' lang='grc'>,</span> 
     </span>
     <span class='ocr_line' id='line_1_20' title="bbox 111 1745 932 1888; baseline 0.005 -27"><span class='ocrx_word' id='word_1_125' title='bbox 111 1801 308 1881; x_wconf 71' lang='lat' dir='ltr'><strong>fortitudines</strong></span> <span class='ocrx_word' id='word_1_126' title='bbox 322 1823 382 1864; x_wconf 83' lang='lat' dir='ltr'><strong>nort</strong></span> <span class='ocrx_word' id='word_1_127' title='bbox 396 1745 547 1884; x_wconf 55' lang='lat' dir='ltr'><strong>injiceres</strong></span> <span class='ocrx_word' id='word_1_128' title='bbox 560 1823 619 1863; x_wconf 81' lang='lat' dir='ltr'><strong>erae</strong></span> <span class='ocrx_word' id='word_1_129' title='bbox 633 1805 827 1865; x_wconf 77' lang='lat' dir='ltr'><strong>miiiturihur.</strong></span> <span class='ocrx_word' id='word_1_130' title='bbox 931 1799 932 1888; x_wconf 91' lang='lat' dir='ltr'>J</span> 
     </span>
    </p>
   </div>
   <div class='ocr_carea' id='block_1_5' title="bbox 80 1947 869 2260">
    <p class='ocr_par' dir='ltr' id='par_1_6' title="bbox 80 1947 869 2260">
     <span class='ocr_line' id='line_1_21' title="bbox 124 1947 867 2025; baseline 0.007 -20"><span class='ocrx_word' id='word_1_131' title='bbox 124 1947 185 2006; x_wconf 79' lang='lat' dir='ltr'><strong>San</strong></span> <span class='ocrx_word' id='word_1_132' title='bbox 199 1965 264 2006; x_wconf 89' lang='lat' dir='ltr'><strong>cum</strong></span> <span class='ocrx_word' id='word_1_133' title='bbox 277 1949 403 2025; x_wconf 84' lang='lat' dir='ltr'><strong>plerique</strong></span> <span class='ocrx_word' id='word_1_134' title='bbox 424 1949 596 2019; x_wconf 86' lang='lat' dir='ltr'><strong>arbitrentur,</strong></span> <span class='ocrx_word' id='word_1_135' title='bbox 611 1965 655 2005; x_wconf 83' lang='lat' dir='ltr'><strong>ros</strong></span> <span class='ocrx_word' id='word_1_136' title='bbox 676 1948 791 2007; x_wconf 82' lang='lat' dir='ltr'><strong>bellicas</strong></span> <span class='ocrx_word' id='word_1_137' title='bbox 809 1969 867 2010; x_wconf 83' lang='lat' dir='ltr'><strong>ma·</strong></span> 
     </span>
     <span class='ocr_line' id='line_1_22' title="bbox 80 2024 867 2100; baseline 0.008 -18"><span class='ocrx_word' id='word_1_138' title='bbox 80 2025 157 2100; x_wconf 84' lang='lat' dir='ltr'><strong>joras</strong></span> <span class='ocrx_word' id='word_1_139' title='bbox 183 2045 256 2092; x_wconf 87' lang='lat' dir='ltr'><strong>esse,</strong></span> <span class='ocrx_word' id='word_1_140' title='bbox 283 2045 367 2098; x_wconf 87' lang='lat' dir='ltr'><strong>quarn</strong></span> <span class='ocrx_word' id='word_1_141' title='bbox 391 2027 520 2094; x_wconf 86' lang='lat' dir='ltr'><strong>urbanas,</strong></span> <span class='ocrx_word' id='word_1_142' title='bbox 544 2024 779 2089; x_wconf 80' lang='lat' dir='ltr'><strong>minuendatest</strong></span> <span class='ocrx_word' id='word_1_143' title='bbox 805 2030 867 2088; x_wconf 87' lang='lat' dir='ltr'><strong>haec</strong></span> 
     </span>
     <span class='ocr_line' id='line_1_23' title="bbox 84 2097 869 2184; baseline 0.009 -25"><span class='ocrx_word' id='word_1_144' title='bbox 84 2105 190 2178; x_wconf 92' lang='lat' dir='ltr'><strong>opinio.</strong></span> <span class='ocrx_word' id='word_1_145' title='bbox 224 2105 308 2161; x_wconf 87' lang='lat' dir='ltr'><strong>Multi</strong></span> <span class='ocrx_word' id='word_1_146' title='bbox 320 2105 395 2161; x_wconf 81' lang='lat' dir='ltr'><strong>enirn</strong></span> <span class='ocrx_word' id='word_1_147' title='bbox 404 2104 477 2162; x_wconf 86' lang='lat' dir='ltr'><strong>belia</strong></span> <span class='ocrx_word' id='word_1_148' title='bbox 485 2097 561 2182; x_wconf 74' lang='lat' dir='ltr'><strong>s‘aepe</strong></span> <span class='ocrx_word' id='word_1_149' title='bbox 573 2106 742 2176; x_wconf 78' lang='lat' dir='ltr'><strong>quaesierunt</strong></span> <span class='ocrx_word' id='word_1_150' title='bbox 752 2119 869 2184; x_wconf 83' lang='lat' dir='ltr'><strong>propter</strong></span> 
     </span>
     <span class='ocr_line' id='line_1_24' title="bbox 82 2181 868 2260; baseline 0.008 -23"><span class='ocrx_word' id='word_1_151' title='bbox 82 2181 178 2258; x_wconf 85' lang='lat' dir='ltr'><strong>gloriae</strong></span> <span class='ocrx_word' id='word_1_152' title='bbox 200 2181 388 2258; x_wconf 87' lang='lat' dir='ltr'><strong>cupiditatem.</strong></span> <span class='ocrx_word' id='word_1_153' title='bbox 428 2184 520 2256; x_wconf 85' lang='lat' dir='ltr'><strong>Atque</strong></span> <span class='ocrx_word' id='word_1_154' title='bbox 534 2183 564 2240; x_wconf 93' lang='lat' dir='ltr'><strong>id</strong></span> <span class='ocrx_word' id='word_1_155' title='bbox 583 2185 614 2242; x_wconf 91' lang='lat' dir='ltr'><strong>in</strong></span> <span class='ocrx_word' id='word_1_156' title='bbox 633 2185 742 2260; x_wconf 84' lang='lat' dir='ltr'><strong>magnis</strong></span> <span class='ocrx_word' id='word_1_157' title='bbox 763 2187 868 2246; x_wconf 88' lang='lat' dir='ltr'><strong>animis</strong></span> 
     </span>
    </p>
   </div>
   <div class='ocr_carea' id='block_1_6' title="bbox 82 2335 871 2535">
    <p class='ocr_par' dir='ltr' id='par_1_7' title="bbox 82 2335 871 2535">
     <span class='ocr_line' id='line_1_25' title="bbox 114 2335 870 2410; baseline 0.011 -26"><span class='ocrx_word' id='word_1_158' title='bbox 114 2335 280 2398; x_wconf 73' lang='lat' dir='ltr'><strong>*Efficiendu</strong></span> <span class='ocrx_word' id='word_1_159' title='bbox 301 2336 426 2401; x_wconf 87' lang='lat' dir='ltr'><strong>Majorquc</strong></span> <span class='ocrx_word' id='word_1_160' title='bbox 449 2353 508 2387; x_wconf 84' lang='lat' dir='ltr'><strong>cura</strong></span> <span class='ocrx_word' id='word_1_161' title='bbox 527 2340 654 2398; x_wconf 86' lang='lat' dir='ltr'><strong>efficiendi,</strong></span> <span class='ocrx_word' id='word_1_162' title='bbox 670 2340 691 2388; x_wconf 82' lang='lat' dir='ltr'><strong>ir</strong></span> <span class='ocrx_word' id='word_1_163' title='bbox 707 2341 748 2390; x_wconf 85' lang='lat' dir='ltr'><strong>the</strong></span> <span class='ocrx_word' id='word_1_164' title='bbox 765 2343 870 2410; x_wconf 82' lang='lat' dir='ltr'><strong>reading</strong></span> 
     </span>
     <span class='ocr_line' id='line_1_26' title="bbox 82 2401 871 2470; baseline 0.01 -20"><span class='ocrx_word' id='word_1_165' title='bbox 82 2401 156 2450; x_wconf 87' lang='lat' dir='ltr'><strong>found</strong></span> <span class='ocrx_word' id='word_1_166' title='bbox 179 2402 204 2449; x_wconf 87' lang='lat' dir='ltr'><strong>in</strong></span> <span class='ocrx_word' id='word_1_167' title='bbox 220 2403 310 2452; x_wconf 72' lang='lat' dir='ltr'><strong>severa]</strong></span> <span class='ocrx_word' id='word_1_168' title='bbox 328 2402 412 2460; x_wconf 87' lang='lat' dir='ltr'><strong>MSS.;</strong></span> <span class='ocrx_word' id='word_1_169' title='bbox 436 2409 479 2451; x_wconf 90' lang='lat' dir='ltr'><strong>not</strong></span> <span class='ocrx_word' id='word_1_170' title='bbox 494 2403 649 2467; x_wconf 86' lang='lat' dir='ltr'><strong>disapproved</strong></span> <span class='ocrx_word' id='word_1_171' title='bbox 669 2407 700 2470; x_wconf 91' lang='lat' dir='ltr'><strong>by</strong></span> <span class='ocrx_word' id='word_1_172' title='bbox 717 2405 740 2455; x_wconf 89' lang='lat' dir='ltr'><strong>J.</strong></span> <span class='ocrx_word' id='word_1_173' title='bbox 752 2405 790 2456; x_wconf 90' lang='lat' dir='ltr'><strong>M.</strong></span> <span class='ocrx_word' id='word_1_174' title='bbox 801 2409 871 2458; x_wconf 87' lang='lat' dir='ltr'><strong>Heu-</strong></span> 
     </span>
     <span class='ocr_line' id='line_1_27' title="bbox 82 2467 721 2535; baseline 0.005 -18"><span class='ocrx_word' id='word_1_175' title='bbox 82 2467 171 2532; x_wconf 83' lang='lat' dir='ltr'><strong>singer,</strong></span> <span class='ocrx_word' id='word_1_176' title='bbox 183 2467 231 2514; x_wconf 86' lang='lat' dir='ltr'><strong>and</strong></span> <span class='ocrx_word' id='word_1_177' title='bbox 241 2468 357 2518; x_wconf 85' lang='lat' dir='ltr'><strong>admitted</strong></span> <span class='ocrx_word' id='word_1_178' title='bbox 368 2469 419 2516; x_wconf 83' lang='lat' dir='ltr'><strong>into</strong></span> <span class='ocrx_word' id='word_1_179' title='bbox 429 2469 471 2516; x_wconf 84' lang='lat' dir='ltr'><strong>the</strong></span> <span class='ocrx_word' id='word_1_180' title='bbox 482 2475 532 2517; x_wconf 83' lang='lat' dir='ltr'><strong>text</strong></span> <span class='ocrx_word' id='word_1_181' title='bbox 543 2471 575 2535; x_wconf 83' lang='lat' dir='ltr'><strong>by</strong></span> <span class='ocrx_word' id='word_1_182' title='bbox 586 2470 721 2520; x_wconf 83' lang='lat' dir='ltr'><strong>Gernhard.</strong></span> 
     </span>
    </p>
   </div>
   <div class='ocr_carea' id='block_1_7' title="bbox 341 2611 602 2662">
    <p class='ocr_par' dir='ltr' id='par_1_8' title="bbox 341 2611 602 2662">
     <span class='ocr_line' id='line_1_28' title="bbox 341 2611 602 2662; baseline 0.008 -2"><span class='ocrx_word' id='word_1_183' title='bbox 341 2611 505 2660; x_wconf 73' lang='lat' dir='ltr'><strong>crtsPTER</strong></span> <span class='ocrx_word' id='word_1_184' title='bbox 519 2611 602 2662; x_wconf 88' lang='lat' dir='ltr'><strong>XXII.</strong></span> 
     </span>
    </p>
   </div>
   <div class='ocr_carea' id='block_1_8' title="bbox 81 2737 871 2867">
    <p class='ocr_par' dir='ltr' id='par_1_9' title="bbox 81 2737 871 2867">
     <span class='ocr_line' id='line_1_29' title="bbox 115 2737 871 2804; baseline 0.005 -15"><span class='ocrx_word' id='word_1_185' title='bbox 115 2739 127 2789; x_wconf 80' lang='lat' dir='ltr'><strong>i</strong></span> <span class='ocrx_word' id='word_1_186' title='bbox 144 2737 285 2787; x_wconf 83' lang='lat' dir='ltr'><strong>Minuendc.</strong></span> <span class='ocrx_word' id='word_1_187' title='bbox 310 2739 361 2788; x_wconf 87' lang='lat' dir='ltr'><strong>Not</strong></span> <span class='ocrx_word' id='word_1_188' title='bbox 376 2739 478 2804; x_wconf 75' lang='lat' dir='ltr'><strong>dirertly</strong></span> <span class='ocrx_word' id='word_1_189' title='bbox 488 2739 668 2801; x_wconf 72' lang='lat' dir='ltr'><strong>ccrttrcdicted5</strong></span> <span class='ocrx_word' id='word_1_190' title='bbox 688 2744 732 2794; x_wconf 85' lang='lat' dir='ltr'><strong>but</strong></span> <span class='ocrx_word' id='word_1_191' title='bbox 747 2751 771 2797; x_wconf 81' lang='lat' dir='ltr'><strong>tc</strong></span> <span class='ocrx_word' id='word_1_192' title='bbox 787 2741 815 2793; x_wconf 75' lang='lat' dir='ltr'><strong>te</strong></span> <span class='ocrx_word' id='word_1_193' title='bbox 833 2762 871 2801; x_wconf 74' lang='lat' dir='ltr'><strong>re.</strong></span> 
     </span>
     <span class='ocr_line' id='line_1_30' title="bbox 81 2802 318 2867; baseline 0.025 -21"><span class='ocrx_word' id='word_1_194' title='bbox 81 2803 162 2848; x_wconf 78' lang='lat' dir='ltr'><strong>ceiced</strong></span> <span class='ocrx_word' id='word_1_195' title='bbox 178 2802 318 2867; x_wconf 73' lang='lat' dir='ltr'><strong>ocutiorrst.</strong></span> 
     </span>
    </p>
   </div>
   <div class='ocr_carea' id='block_1_9' title="bbox 0 0 946 3216">
    <p class='ocr_par' dir='ltr' id='par_1_10' title="bbox 0 0 946 3216">
     <span class='ocr_line' id='line_1_31' title="bbox 0 0 946 3216; baseline 0 0"><span class='ocrx_word' id='word_1_196' title='bbox 0 0 946 3216; x_wconf 95' lang='lat' dir='ltr'><strong> </strong></span> 
     </span>
    </p>
   </div>
  </div>
 </body>
</html>
