1882 3216
337 176 404 226 ΗΒ.
418 179 453 226 11.
472 177 549 227 GAP.
561 175 603 226 Vl.
811 178 866 234 lto

81 333 134 386 res,
152 315 197 376 vel
224 311 365 385 adversas,
386 319 450 392 quis
476 321 602 396 ignorat?
643 320 719 378 Nam
744 329 772 378 et
796 337 861 376 cum
935 367 936 370 ,

81 415 211 474 prospero
233 397 300 454 lietu
319 398 381 474 ejus
401 398 515 464 utimur,
530 397 564 455 ad
578 400 669 456 exitus
683 398 864 475 pervehimur

81 485 203 551 optatos:
226 485 254 534 et
272 494 336 532 curn
359 475 475 543 reflavit,
490 475 649 552 affligimur.
690 476 761 534 Haec
780 477 865 552 igitur

80 553 141 629 ipse
157 553 268 611 fortuna
286 564 393 611 ceteros
408 572 490 611 casus
504 555 622 612 rariores
636 555 729 622 habet,
741 555 864 631 primum

81 633 115 688 eb
145 632 275 702 inanimis
306 633 453 708 procellas,
488 642 677 709 tempestates,
711 633 864 709 naufragia,

4 743 5 756 ι
75 711 177 778 ruinas,
197 710 341 768 incendia:
364 710 465 768 deinde
486 730 503 767 a
520 712 618 768 bestiis
642 712 726 779 ictus,
740 729 863 777 morsus,

4 2871 7 2912 l

82 787 212 864 impetus.
251 787 323 846 Haec
337 807 414 866 ergo,
428 799 460 846 ut
472 789 542 856 dixi,
556 790 668 846 rariora.
764 843 770 854 ,
935 841 936 858 ,

117 868 154 922 At
163 885 229 923 vero
241 867 366 934 interitus
378 869 578 934 exercituum*
589 877 621 924 ut
630 869 759 943 proxime
769 868 864 934 trium,

80 963 153 1020 sepe
178 945 344 1010 multorum
375 945 468 1001 clades
489 945 698 1020 imperatorum,
723 954 754 1001 ut
776 963 868 1021 nuper
912 971 936 984 ω

80 1023 182 1078 summi
216 1040 250 1078 ec
285 1022 433 1098 singularis
469 1023 522 1078 viri
532 1023 555 1086 ;†
588 1022 699 1080 iuvidiae
733 1033 866 1097 preterea

79 1099 276 1166 multitudinis,
290 1111 372 1173 atque
392 1102 428 1158 ob
448 1119 495 1156 ees
516 1100 767 1158 benemeritorum
789 1119 865 1176 saepe

77 1179 182 1235 civium
202 1179 393 1254 expulsiones,
409 1179 589 1256 calamitates
603 1178 691 1254 fugae:
714 1197 865 1250 rursusque

78 1256 209 1313 secundae
231 1275 287 1322 res,
311 1257 592 1332 honoreerimperia,
613 1258 746 1324 victorie,
770 1275 866 1329 quam·

77 1351 163 1406 quam
184 1335 296 1391 fortuita
316 1345 391 1401 sunt,
407 1347 501 1390 temen
521 1336 583 1398 sine
602 1333 750 1393 hominurn
765 1335 865 1411 opibus

76 1422 106 1469 et
124 1411 227 1469 studiis
241 1422 366 1469 neutram
379 1414 409 1470 in
423 1423 531 1488 partem
544 1414 618 1470 effici
632 1423 759 1490 possunt.
802 1412 868 1469 Hoc

77 1491 163 1567 igitur
200 1491 323 1566 cognito,
357 1490 506 1553 dicendum
540 1501 592 1559 est,
626 1511 749 1564 quonam
782 1489 867 1548 modo

76 1569 226 1627 hominum
240 1569 331 1626 studia
345 1569 379 1626 ad
392 1570 523 1626 utilitates
538 1581 646 1628 nostras
658 1571 768 1628 allicere
785 1579 867 1641 atquc

76 1648 200 1705 excitare
214 1648 368 1722 possimus.
411 1649 480 1713 Quae
503 1649 528 1703 si
543 1649 655 1723 longior
664 1649 748 1705 fuerit
768 1647 866 1711 oratio,

75 1726 471 1802 cummagnitudineutilitatis
479 1737 663 1801 comparetur.
691 1725 734 1783 lta
742 1725 867 1782 fortassis

76 1805 162 1864 etiem
176 1804 287 1862 brevior
300 1804 448 1862 videbitur.

340 2043 348 2053 .
364 1994 528 2049 CHAPTER
544 1995 588 2044 VI.

110 2126 126 2158 ⁸
143 2124 377 2175 leocritiae-trium.
410 2127 465 2176 Tire
476 2127 543 2175 three
555 2125 635 2192 signal
646 2125 737 2174 defesis
752 2130 778 2173 to
788 2123 870 2172 which

78 2188 184 2239 allusion
195 2191 218 2239 is
228 2191 286 2239 here
298 2193 375 2250 made,
387 2207 435 2250 are,
447 2193 569 2256 probably,
582 2193 603 2240 1.
619 2191 686 2240 That
697 2191 726 2240 of
738 2189 870 2238 Pharsalia.

77 2251 101 2300 2.
108 2253 209 2304 Thetin
216 2254 309 2314 Africa,
315 2253 345 2304 of
346 2257 387 2304 the
392 2272 462 2320 army
470 2257 629 2306 commended
636 2257 668 2320 by
675 2255 764 2318 Scipio.
775 2255 798 2303 3.
804 2254 872 2303 'l'hct

78 2316 105 2365 in
116 2319 200 2380 Spain,
208 2320 238 2369 of
242 2321 284 2368 the
291 2335 362 2386 army
369 2322 445 2370 under
455 2323 497 2370 the
507 2336 617 2386 youmger
629 2320 776 2394 l'ompeys.⁸
789 2319 872 2368 These

78 2389 163 2432 crenis
175 2401 215 2434 are
227 2385 369 2434 considered
381 2403 408 2434 as
418 2387 560 2444 fortuitous;
578 2386 626 2435 and
636 2391 680 2450 yet
690 2387 751 2435 esch
762 2384 792 2433 ol'
804 2384 872 2432 them

79 2461 130 2495 rues
148 2449 191 2498 the
202 2450 331 2499 inevitcble
343 2467 508 2514 consequence
519 2451 549 2500 of
562 2451 604 2499 the
615 2452 752 2515 preceding·
757 2449 830 2498 chuia
842 2448 872 2496 of

79 2521 179 2563 events:
195 2516 237 2564 tlre
248 2517 315 2566 word
326 2517 428 2580 smum
440 2533 486 2566 cen
497 2517 554 2565 beer
565 2533 597 2564 no
606 2517 675 2564 other
686 2515 784 2564 meeuin
812 2513 872 2561 tlrnn

79 2575 122 2650 the
139 2581 264 2642 speaker's
282 2579 414 2646 ignorance
430 2582 459 2630 of
471 2583 513 2630 the
530 2597 615 2631 causes
633 2581 731 2646 leading
748 2531 802 2649 end
815 2593 871 2626 con·

79 2643 199 2710 tnliuting
209 2653 235 2694 to
246 2657 263 2694 e
272 2647 365 2696 certain
375 2653 453 2694 event

112 2705 127 2756 †
142 2709 292 2774 Singularis
307 2713 362 2758 oiri.
395 2711 426 2759 In
450 2711 516 2759 Brut.
533 2727 553 2757 c.
571 2711 608 2758 85.
624 2709 710 2757 Cicero
727 2709 772 2780 lpas
794 2704 864 2815 desilg

81 2774 155 2844 fitted
172 2775 233 2824 Cato
244 2775 274 2823 of
286 2775 366 2833 Utica,
377 2791 498 2823 summum
517 2781 539 2822 et
556 2773 708 2836 singularem
720 2783 807 2818 mmm.
855 2784 871 2815 n

82 2831 132 2883 llus
143 2837 259 2897 instance,
270 2839 302 2888 he
313 2841 428 2904 probably
440 2855 525 2886 means
536 2838 652 2898 Pompey.

436 2909 470 2960 13
