1888 3222
94 213 150 268 ηε
374 203 587 255 nnorrrcue.

44 443 62 480 ἰ
85 431 174 490 ΟΑΡ.
201 428 268 487 XX.
308 427 345 486 In
372 426 539 486 hominibus
565 417 876 505 juvandio'grotium

156 507 288 586 coptari.-
308 506 406 566 deutur
420 505 556 585 beneficio
570 504 700 582 obligari
714 504 800 564 nolle.
935 551 936 554 η

123 667 184 722 Snn
208 683 273 723 ourn
301 665 331 722 in
357 664 519 724 hominibus
543 661 675 738 juvandis
704 671 750 719 aut
779 681 875 721 mores

85 745 214 820 spectari,
222 752 275 800 ‘aut
288 743 397 800 fortuna
410 742 512 800 soleat:
535 741 610 799 dictu
625 739 738 812 quidem
753 751 798 803 eoi
812 761 876 816 pro-

86 823 185 890 clive*
209 824 301 893 itaque
326 821 410 896 vulgo
435 820 595 891 loquuntur,
616 837 647 876 se
672 820 702 876 in
726 820 875 878 benefieiis

84 901 255 959 oolloeandie
269 918 362 957 mores
376 898 534 967 hominurn,
549 915 606 955 non
620 897 760 954 fortunam
783 899 875 970 sequi.

86 979 216 1038 Honesta
242 979 329 1038 orario
351 987 409 1036 est:
444 975 494 1033 sed
519 975 583 1048 quis
608 984 652 1031 eet
676 974 800 1044 taudem,
828 977 877 1048 qui

85 1059 180 1135 inopis
207 1068 235 1117 et
258 1057 359 1134 optimi
381 1056 434 1113 viri
456 1073 562 1112 oaussre
584 1071 641 1110 non
663 1064 826 1129 anteponat,
847 1056 877 1113 iu

85 1157 172 1213 opera
195 1136 293 1204 danda,
316 1135 431 1212 gratiam
455 1132 584 1192 fortunati
609 1141 637 1189 et
661 1132 809 1207 potentis?
851 1135 876 1190 A

85 1234 143 1288 quo
162 1217 238 1272 enirn
258 1213 416 1289 expeditior
436 1222 464 1270 ei
484 1211 600 1268 celerior
613 1211 802 1269 remuneratio
815 1211 876 1269 fore

31 1317 34 1322 Δ
86 1293 204 1359 videtur,
215 1295 245 1350 in
255 1310 319 1349 euru
332 1291 388 1348 sere
398 1301 442 1347 est
452 1289 579 1346 voluntas
591 1297 685 1346 nostra
695 1290 876 1364 propensior.

76 1370 143 1444 Sed
164 1367 439 1428 animadvertendum
454 1377 498 1424 est
511 1367 682 1444 diligentius,
697 1385 761 1438 quae
777 1379 877 1425 nature

85 1465 178 1510 rerum
198 1447 236 1502 eit
251 1465 258 1502 :
278 1445 411 1503 nimirum
424 1447 501 1502 enirn
515 1448 598 1522 inops
612 1443 669 1512 ille,
684 1443 709 1500 si
724 1447 878 1504 bonusest

85 1526 137 1590 vir,
161 1524 291 1580 etiamsi
313 1522 413 1588 referre
428 1525 544 1599 gratiam
567 1542 623 1581 non
646 1533 749 1598 potest,
771 1523 877 1583 hebere

85 1613 159 1658 oerte
171 1611 271 1677 potest.
308 1600 467 1658 Commode
480 1613 584 1668 autem,
595 1601 766 1672 quicumque
778 1602 876 1664 dirior

86 1681 233 1755 pecuniam
248 1681 296 1751 qui
310 1679 419 1747 habeat,
429 1699 486 1738 non
496 1678 668 1745 reddidisse;
683 1681 733 1750 qui
747 1679 876 1738 reddide-

86 1759 130 1828 rit,
146 1777 203 1826 non
224 1758 345 1825 habere3
366 1760 482 1834 gratiam
504 1769 597 1815 eutem
620 1768 648 1814 et
670 1758 718 1830 qui
738 1760 876 1827 retulerit,

85 1835 204 1895 habere:
227 1847 255 1895 et
267 1839 315 1911 qui
328 1837 437 1904 habeat,
451 1837 589 1894 retulisse.

125 1916 172 1985 At,
188 1917 236 1990 qui
257 1935 288 1974 se
309 1915 461 1992 locupletes
475 1915 635 1982 honoratos,
650 1915 748 1972 beatos
762 1925 874 1992 putant,

362 2105 526 2157 CHAPTER
541 2105 596 2156 XX.

115 2236 132 2268 θ
149 2234 226 2284 Dicto
238 2233 332 2299 quidem
344 2241 379 2284 eo
386 2235 505 2299 procliue:
521 2234 569 2284 thie
581 2233 602 2282 io
613 2233 701 2284 indeed
712 2251 771 2300 eeoy
782 2241 810 2284 to
822 2253 876 2302 sey.

118 2298 131 2350 ’s
148 2299 228 2348 Discit.
260 2300 326 2348 Who
341 2316 392 2348 wne
408 2301 450 2349 the
466 2300 552 2349 author
567 2298 597 2347 os
613 2300 662 2348 this
682 2301 819 2363 proverbial
835 2319 877 2350 ex-

84 2363 193 2424 pression
209 2365 231 2412 ie
248 2371 290 2412 not
301 2364 404 2412 known:
421 2380 453 2413 on
464 2371 513 2413 two
523 2364 592 2414 other
603 2365 729 2414 occasions
738 2365 829 2414 Cicero
839 2383 877 2415 re-

85 2427 134 2476 sero
145 2437 170 2476 ro
179 2428 204 2476 ir.
236 2427 285 2477 Pro
296 2428 378 2478 Plane.
391 2445 411 2476 e.
422 2428 462 2476 28.
473 2429 518 2492 Ep.
530 2435 584 2492 post
595 2429 663 2478 redit.
674 2431 705 2478 ed
717 2429 748 2486 0„
759 2445 780 2486 c,
792 2431 816 2478 9.
851 2431 878 2479 1r

85 2491 107 2540 ie
117 2492 268 2556 interpreted,
280 2493 310 2542 A.
321 2493 382 2542 Geli.
394 2493 415 2540 l.
427 2492 449 2540 4.
482 2494 536 2543 Tire
545 2495 602 2541 verb
618 2493 701 2542 habere
717 2494 739 2544 io
755 2495 833 2544 tehen
849 2495 877 2543 in

85 2574 101 2610 a
123 2558 207 2607 double
229 2573 305 2616 oenoe,
325 2573 352 2605 es
374 2557 469 2619 applied
490 2564 515 2606 to
533 2559 647 2622 pecunia,
666 2559 714 2608 end
736 2565 762 2608 to
782 2561 877 2624 gretia.

86 2619 220 2673 Pecuniam
269 2624 279 2669 i
296 2621 363 2668 haber
379 2622 409 2668 ab
426 2621 506 2684 odiquo
522 2629 641 2681 mutuam,
657 2639 705 2670 ooo
721 2622 803 2671 reddit
819 2641 876 2672 enm

84 2686 200 2744 qunmdiu
215 2637 295 2732 Ιιαῗοὴ
322 2700 379 2732 eum
403 2700 460 2733 vero
487 2686 572 2743 reddit,
594 2703 649 2734 eom
670 2685 754 2735 haben
777 2689 877 2737 desinit.

88 2747 200 2796 Gratiam
222 2756 303 2797 nutem
325 2753 349 2794 et
371 2747 392 2794 iu
414 2748 456 2809 qui
479 2747 569 2806 retulit,
591 2749 660 2798 dubet
682 2752 752 2811 (dum
774 2760 876 2817 gratum

84 2810 195 2859 animum
206 2813 303 2870 retinet)
314 2817 338 2858 et
349 2811 390 2872 qui
401 2810 468 2858 dubet
480 2815 560 2874 (greio
571 2812 597 2859 in
608 2815 669 2862 bene
680 2816 780 2866 meritos
791 2817 876 2868 mimo

83 2875 132 2931 est)
144 2889 198 2921 eeru
209 2874 299 2934 retulit,
311 2880 336 2924 ei
346 2875 450 2936 quodem
461 2875 533 2922 modo
543 2877 650 2925 exsolvit
698 2911 704 2917 -
