1888 3222
307 159 426 242 amn.
445 191 566 242 annm.
715 149 719 153 Δ
791 203 844 258 tot

64 333 261 405 nerolentiam,
275 334 350 406 quod
370 335 504 412 prodesse
524 337 746 414 vultplurlmi13
768 349 797 396 et
808 342 846 398 ob
871 397 875 407 ,

60 412 192 471 camdem
212 431 349 480 caussam,
364 415 465 472 fidem:
487 425 516 472 et
535 415 754 483 admirationem,
768 419 842 490 quod

61 509 113 548 aas
133 510 176 548 res
196 491 304 566 spernit
323 501 351 548 et
371 493 495 568 negligit.
516 493 638 566 adquae
659 494 783 570 plerique
803 497 845 553 in·

65 569 198 626 flammati
212 569 341 626 aviditate
354 571 505 646 rapiuntur.

90 647 147 702 .Ac
166 666 229 704 mea
251 647 365 718 quidem
390 650 526 706 sententia
549 650 641 707 omnis
665 651 735 707 ratio
763 661 844 724 atqua

64 725 200 782 institutio
227 726 290 781 vitae
321 725 479 802 adjumenta
510 727 656 785 hominum
691 728 842 786 desiderat:

64 803 95 860 in
115 803 278 878 primisque,
293 815 323 860 ut
342 805 450 870 habeat,
465 806 630 876 quibuscum
645 807 735 880 possit
746 807 844 864 famili·

64 899 126 938 ares
148 881 271 938 conferre
295 900 453 940 sermones:
481 883 556 957 quod
579 894 623 940 est
646 882 768 950 difficile,
789 885 844 942 nisi

64 959 189 1034 speciem
223 977 279 1034 prae
306 970 333 1016 te
360 962 425 1018 boni
449 961 502 1017 viri
526 961 607 1018 seres.
648 961 725 1036 Ergo
760 962 843 1018 etiarn
919 968 929 978 '

65 1037 188 1094 solitario
199 1037 316 1104 homini,
329 1047 409 1110 atque
421 1038 450 1095 in
462 1057 527 1112 agro
539 1039 623 1094 vitam
634 1039 736 1113 agenti,
748 1039 844 1113 opinio

57 1115 177 1190 justitie
196 1117 352 1172 necessaria
370 1126 427 1173 est:
449 1135 538 1187 eoque
557 1117 642 1172 etiam
655 1115 754 1190 magis,
770 1115 844 1186 quod

62 1211 127 1250 sam
141 1193 165 1247 si
176 1212 233 1250 non
243 1193 409 1261 habebunt*
420 1193 533 1271 [injusti
545 1194 716 1250 habebuntur
723 1191 748 1269 :]
761 1193 844 1250 nullis

63 1270 201 1347 praesidiis
216 1272 297 1346 septi,
312 1273 407 1328 multis
421 1272 575 1347 afficientur
589 1271 707 1346 injuriis.

101 1351 194 1420 Atque
205 1350 240 1404 iis
252 1350 344 1416 etiam,
357 1351 405 1420 qui
416 1349 547 1418 vendunt,
560 1359 664 1416 emunt,
677 1348 843 1418 conducunt,

62 1427 165 1494 locant,
180 1427 429 1500 contrahendisque
444 1430 562 1505 negotiis
584 1429 768 1504 implicantur,
784 1428 845 1504 jus-

62 1506 123 1562 titia
132 1504 169 1561 ad
179 1523 238 1561 rem
249 1505 398 1580 gerendam
408 1508 565 1563 necessaria
575 1518 626 1564 est.
669 1505 759 1582 Cujus
771 1516 845 1563 tanta

63 1583 106 1640 vis
126 1592 180 1650 est,
194 1591 225 1639 ut
238 1603 273 1639 ne
287 1583 328 1639 illi
342 1583 464 1654 quidem,
480 1586 528 1656 qui
548 1584 685 1641 maleficio
699 1594 727 1641 et
740 1584 844 1642 scelere

63 1672 224 1738 pascuntur,
233 1661 408 1736 possintsine
416 1663 612 1737 ullaparticrda
615 1663 731 1737 justitiae
739 1662 843 1718 vivere.

64 1739 142 1796 Nam
164 1738 212 1809 qui
229 1757 326 1795 eorum
349 1740 480 1814 cuipiam,
495 1740 543 1810 qui
564 1758 620 1796 una
637 1739 842 1804 latrocinantur,

63 1817 168 1874 furatur
191 1815 303 1886 aliquid,
319 1827 365 1873 aut
378 1818 476 1892 eripit3
498 1817 522 1872 is
537 1817 590 1874 sibi
603 1833 639 1872 ne
653 1817 683 1873 in
695 1817 842 1874 latrocinio

62 1894 179 1966 quidem
191 1894 322 1966 relinquit
334 1895 437 1951 locum.
476 1894 526 1951 Ille
547 1904 648 1959 autern,
664 1894 711 1964 qui
726 1893 843 1968 archipi-

61 1981 122 2030 rata
134 1971 243 2038 dicitur,
256 1972 310 2028 nisi
320 1973 491 2042 aequabiliter
503 1971 625 2047 praedarn
636 1970 786 2046 dispartiat,
799 1981 846 2028 aut

61 2050 243 2108 interficiatur
256 2069 272 2106 a
285 2050 380 2118 sociiS,
395 2061 441 2108 aut
453 2051 630 2122 relinquatur.
672 2049 746 2114 Quin
760 2049 844 2105 etiam

61 2129 140 2204 leges
151 2128 288 2184 latronum
302 2146 364 2184 esse
379 2127 516 2196 dicuntur,
529 2123 628 2200 quibus
640 2136 762 2204 pareant,
775 2145 844 2199 quas

60 2209 222 2264 observent.
262 2205 357 2277 Itaque
371 2217 484 2282 propter
497 2206 659 2279 aequabilem
673 2205 772 2282 praedae
783 2223 844 2280 par-

62 2285 192 2344 titionem
209 2293 240 2341 et
258 2281 414 2360 Bardylis,†
427 2285 540 2361 lllyrius
562 2285 642 2352 latro,
663 2283 698 2342 de
722 2303 778 2358 quo
800 2293 843 2342 est

94 2458 110 2494 θ
132 2457 267 2509 Habebunt.
299 2455 431 2516 Habebunt,
440 2458 489 2506 and
499 2455 654 2515 habebuntur,
664 2456 724 2506 hove
735 2456 772 2506 for
783 2456 845 2507 their

61 2525 232 2582 nominativos,
247 2522 397 2580 understood,
416 2523 540 2572 soldarios
561 2521 634 2580 borno,
652 2521 694 2570 the
713 2537 771 2570 man
790 2521 846 2570 who

61 2590 122 2640 lives
140 2591 168 2638 in
185 2585 311 2645 seclusion,
323 2589 371 2636 and
385 2590 459 2636 uitam
474 2603 550 2652 ogeru
568 2589 596 2634 in
610 2602 677 2650 agro,
688 2586 729 2634 the
740 2601 797 2633 mon
809 2601 844 2633 re-

61 2655 143 2704 sident
154 2655 181 2702 in
192 2654 233 2702 the
245 2658 354 2716 country,
364 2653 407 2701 but
417 2653 473 2702 who
484 2667 525 2700 ma
553 2651 602 2700 still
613 2651 664 2699 mix
676 2651 702 2698 in
713 2649 788 2696 societ
806 2683 812 2696 .

93 2719 106 2770 †
124 2717 250 2782 Bardulis.
282 2717 405 2776 Plutarch,
416 2718 441 2765 in
452 2717 493 2765 the
503 2669 545 2764 lide
556 2715 586 2765 of
596 2715 713 2779 Pyrrhus,
724 2713 771 2759 und
798 2711 844 2785 ''o-

9 2825 11 2836 ,
61 2784 134 2836 dorus
145 2783 195 2832 Sic.
208 2782 258 2843 (lib.
269 2781 326 2842 xvi.)
337 2782 392 2846 give
403 2789 427 2830 to
437 2781 486 2830 thir
498 2795 629 2843 personage
639 2778 680 2826 the
696 2775 845 2850 appellation,

61 2855 104 2898 not
114 2849 145 2900 of
151 2865 168 2898 a
175 2848 267 2906 robber,
278 2848 320 2896 but
331 2863 346 2894 a
354 2846 421 2910 king.
453 2845 561 2909 Though
572 2843 681 2906 Pyrrhus
691 2839 796 2888 memet
806 2839 845 2886 his
888 2854 891 2862 ¹

455 2945 509 3002 14*
