1888 3222
321 223 386 272 ue.
398 225 430 276 11.
445 224 600 274 CAMVI·
797 231 851 286 lto

60 458 156 516 CAP.
177 457 259 526 XVI.
286 455 371 516 Alios
382 477 442 516 cose
450 459 604 536 prodigos,
616 459 690 518 ulios
701 460 846 520 liberales:

145 534 292 609 sumtibus
309 536 497 612 quaerendum
511 555 569 596 eune
583 538 769 616 dignitatem.

104 677 228 736 Oreumo
255 679 311 736 duo
338 688 404 736 sunt
430 698 533 754 genera
564 681 703 758 largorum
730 701 849 756 quorum

61 755 143 814 alteri
163 756 283 836 prodigi,
309 756 386 816 alteri
407 757 541 815 liberales.
572 759 696 836 prodigi,
714 762 762 834 qui
781 780 848 838 opu·

26 832 28 836 ’
61 835 112 901 lis,
140 844 169 892 et
194 835 452 903 viscerationibus*
472 845 500 893 et
526 836 694 912 gladiatoriis
728 840 849 897 muneri·

62 913 128 979 bus,
143 911 272 970 ludorum
293 914 541 984 venationumquel
559 925 701 990 apparatu,
716 918 849 991 pecuniae

63 989 238 1065 profundunt
261 990 291 1048 in
315 1009 363 1046 eas
388 1009 443 1058 res,
469 1009 585 1062 quarum
611 994 775 1050 memoriam
802 1003 850 1050 out

62 1069 190 1132 brevem,
205 1077 252 1124 aut
263 1068 369 1142 nullam
384 1069 499 1125 omnino
519 1068 576 1124 sint
595 1068 727 1126 relicturi.
767 1070 849 1128 Libe·

63 1145 136 1202 rales
162 1154 265 1213 autem,
294 1147 343 1217 qui
369 1146 428 1202 suis
455 1145 628 1202 facultatibus
650 1156 697 1204 aut
716 1157 811 1223 captos
832 1167 849 1204 a

63 1223 243 1298 predonibus
267 1223 415 1290 redimunt,
431 1233 478 1280 ant
491 1241 529 1280 aes
550 1223 671 1281 alienum
692 1225 850 1301 suscipiunt

65 1301 231 1367 amicorum,
246 1310 293 1358 aut
312 1301 346 1358 in
361 1301 480 1358 filiamm
502 1301 683 1358 collocatione
707 1301 848 1379 adjuvant,

64 1388 111 1436 aut
124 1378 296 1454 opitulantur
309 1379 339 1435 iu
353 1397 382 1434 rc
397 1379 441 1434 vel
456 1378 612 1450 quaerenda,
624 1379 669 1436 vel
683 1379 816 1457 augenda.

101 1456 201 1528 Itaque
222 1456 317 1522 miror,
340 1455 406 1528 quid
426 1457 456 1513 in
476 1467 597 1514 mentem
627 1448 733 1516 venerit
752 1459 849 1516 Thoo-

64 1534 189 1610 phrase,
204 1534 234 1591 in
247 1551 282 1590 eo
295 1534 368 1591 libro
383 1551 467 1605 quem
487 1535 522 1592 de
536 1534 640 1591 divitiis
660 1537 799 1612 scripsit,‡
817 1535 849 1594 iu

37 1631 120 1684 ,quo
142 1611 231 1669 multa
256 1612 404 1686 praeolare:
425 1611 496 1669 illud
523 1611 650 1670 absurde.
691 1615 747 1672 Est
771 1614 848 1672 enim

65 1685 170 1747 multus
191 1690 221 1746 in
241 1687 377 1746 laudanda
396 1689 604 1764 magnificentia
624 1699 652 1746 et
671 1693 849 1767 apparatione

63 1768 243 1844 popularium
256 1785 421 1824 munerum:
444 1766 595 1838 taliumque
609 1777 752 1825 sumtuum
764 1768 849 1826 facul·

63 1854 148 1904 tatem
163 1845 297 1918 smctum§
312 1843 470 1902 divitiarum
482 1851 568 1920 putat.
610 1843 684 1900 Mihi
697 1853 790 1904 autem
800 1845 848 1904 ille

276 2097 278 2100 v
338 2029 502 2082 omnum
516 2029 584 2080 xm.

95 2164 110 2196 ⁸
126 2159 341 2210 Viscerotionibuo.
373 2161 411 2224 By
420 2161 484 2224 gtffte
500 2160 528 2223 os
539 2165 603 2208 meat
618 2173 708 2224 among
717 2157 849 2226 tlepeople.

63 2226 110 2276 We
121 2227 191 2274 learn
209 2225 272 2274 from
288 2225 384 2273 Servius
395 2241 427 2273 on
438 2225 495 2272 AEn.
506 2225 522 2272 i.
533 2223 587 2282 211,
603 2223 656 2272 that
671 2225 793 2290 anciently
806 2243 850 2276 un.

63 2291 163 2339 dortho
180 2295 243 2338 term
258 2289 347 2346 viscus,
363 2289 404 2338 the
426 2289 552 2338 intestines
574 2289 643 2336 alone
659 2289 689 2338 of
699 2290 740 2338 the
759 2291 850 2340 animal

63 2353 220 2420 slonghtered
230 2369 294 2403 were
305 2360 348 2401 not
363 2360 388 2401 to
401 2355 430 2401 be
446 2353 598 2410 understood,
618 2353 661 2401 sed
677 2355 793 2418 quidquid
806 2357 851 2406 sub

63 2421 182 2469 eorioeei.

94 2486 108 2537 l
124 2483 337 2544 Venutioomnquc.
369 2482 408 2546 By
418 2481 467 2530 this
478 2482 500 2530 is
509 2488 592 2532 meent
601 2481 642 2530 the
654 2482 816 2534 introduction
826 2483 857 2534 of

65 2549 121 2597 wild
133 2547 238 2596 nriimols
249 2546 327 2594 inthe
339 2545 425 2594 circus.
654 2575 656 2578 -
869 2563 873 2575 =

95 2611 223 2664 tolociis
234 2611 340 2676 scripsit.
364 2611 427 2658 -The
442 2611 541 2660 noctise
557 2610 587 2658 of
596 2611 786 2674 Theophrastus,
797 2629 828 2660 m

64 2678 183 2733 niuosae,
200 2675 221 2722 is
237 2674 288 2723 ulso
303 2674 442 2723 mentioned
458 2676 490 2738 by
509 2675 631 2739 Diogenes
650 2675 769 2733 Laertius,
780 2691 802 2724 v.
813 2631 852 2735 451,

67 2743 109 2790 but
120 2742 165 2790 hes
176 2746 220 2787 not
230 2739 333 2788 reached
345 2739 468 2801 posterity.

96 2805 250 2864 urracam.
271 2803 386 2850 Pecunio
401 2803 502 2865 fruetus
518 2803 539 2849 is
555 2803 606 2849 also
626 2802 684 2849 rrsed
695 2801 721 2848 in
738 2799 779 2849 the
795 2802 851 2851 luth

66 2869 173 2932 chapter,
184 2883 212 2915 or
223 2868 264 2918 tho
275 2866 373 2928 horefia
384 2867 482 2928 urimog
489 2865 556 2927 from
567 2863 659 2913 weoltlt.
