1890 3224
80 164 140 222 234
367 161 416 211 Dli
433 159 587 210 osricus.
774 226 781 240 .
923 187 933 273 (

80 303 202 364 videbat.
241 303 321 363 Idem
342 321 438 362 mrsns
458 301 612 368 videbatur,
625 316 693 358 oum
713 299 744 358 in
758 297 870 358 locum*

80 384 214 443 annulum
247 383 405 440 inverterat.
445 381 543 454 Itaque
575 380 629 437 hac
662 380 869 455 opportunitate

81 463 176 521 annuli
203 479 283 528 usus,
306 461 411 537 regina
436 471 564 538 stuprum
591 458 694 525 intulit,
720 476 756 515 ea
784 454 870 535 [que]

80 541 223 618 adjutrice,
232 557 328 616 regem
340 539 486 598 dominum
500 537 650 603 interemit,
661 536 791 599 sustulid
802 553 870 607 quos

79 621 189 678 obstare
209 619 403 677 arbitrabatur:
425 635 478 676 nce
498 619 529 675 in
548 617 594 674 his
614 633 680 673 eum
701 614 872 672 facinoribus

79 698 228 770 quisquam
243 697 334 773 potuit
345 696 451 755 videre.
490 696 540 753 Sic
553 707 668 772 repente
680 693 779 750 annuli
791 695 873 751 bene·

79 775 155 843 ficio,
170 795 221 834 rex
234 787 348 833 exortus
362 786 407 833 est
420 773 529 851 Lydia.
570 773 658 830 Hunc
677 772 763 848 igitur
777 773 872 848 ipsum

79 853 213 913 annulum
234 855 259 912 si
280 854 380 912 habeat
393 848 518 930 sapiens,
532 851 623 910 nihilo
637 851 700 928 plns
716 851 774 907 sibi
788 851 870 908 licere

79 943 159 1010 putet
184 951 312 1011 peccare,
334 951 419 1005 quam
443 932 469 988 si
493 950 551 989 non
576 930 699 988 haberet.
742 928 872 1005 Honesta

80 1013 157 1070 enim
171 1013 253 1070 bonis
267 1011 363 1085 viridi
375 1029 433 1069 nou
447 1010 556 1067 occulta
569 1017 740 1081 queruntur.

119 1092 228 1164 Atque§
255 1089 311 1147 hoc
333 1089 397 1147 loco
416 1087 582 1165 philosophi
604 1085 730 1159 quidam,
753 1087 871 1144 minime
937 1151 938 1156 ἵ

79 1170 146 1228 mali
170 1169 213 1228 illi
233 1166 358 1242 quidem,
380 1167 432 1225 sed
454 1185 511 1224 non
536 1165 604 1223 satis
625 1166 708 1232 acuti,
730 1165 829 1223 fictam
847 1174 875 1222 et

79 1248 307 1306 commenticiam
318 1246 441 1304 fabulam
455 1244 590 1321 prolatam
602 1243 699 1301 dicunt
708 1263 727 1299 a
737 1243 874 1302 Platone:

79 1326 159 1398 quasi
175 1343 241 1382 vero
255 1324 313 1390 ille,
328 1334 376 1381 aut
389 1325 493 1381 sactum
507 1323 536 1380 id
550 1341 624 1390 esse,
640 1333 687 1380 aut
706 1322 771 1379 fieri
795 1333 876 1399 potu·

79 1404 137 1460 isse
151 1401 307 1474 defendant!
349 1401 421 1458 Haec
434 1412 478 1459 est
489 1403 532 1458 vis
544 1402 629 1479 hujus
641 1400 738 1459 annuli
749 1410 779 1458 et
790 1402 876 1478 hujus
937 1429 938 1434 ¹

80 1479 213 1554 exempli,
230 1480 354 1536 sinemo
369 1480 500 1546 sciturus,
516 1499 600 1538 nemo
620 1499 656 1538 ne
676 1480 875 1556 suspicaturus

78 1556 191 1631 quidem
219 1557 265 1625 sit,
294 1574 358 1614 cum
393 1557 499 1630 aliquid
529 1559 699 1625 divitiarum.
728 1559 875 1634 potentio,

78 1635 289 1704 dominationis,
311 1635 437 1694 libidinis
462 1655 563 1696 caussa
586 1638 696 1706 seueris,
719 1638 746 1694 si
767 1638 800 1696 id
820 1637 876 1696 diis

77 1809 274 1928 exierbbllmm
285 1828 319 1862 sc.
330 1811 372 1877 qui
388 1811 518 1861 convenient
530 1819 602 1872 ‚eron
618 1811 673 1860 that
687 1811 716 1869 is,
726 1811 834 1878 turning
850 1811 876 1860 in

110 1944 125 1996 †
139 1894 260 1993 Smtblin
271 1943 302 1992 nl.
312 1941 467 2006 montisque.

110 2007 121 2059 i
138 2007 215 2057 Bonis
230 2009 300 2057 airis.
332 2008 405 2056 Some
421 2012 616 2064 commentarium,
633 2004 789 2070 considering
805 2005 877 2054 these

77 2073 159 2121 words
175 2090 202 2122 as
218 2073 245 2120 in
261 2073 302 2121 the
318 2073 405 2134 dative,
416 2072 465 2120 and
480 2071 507 2120 in
524 2071 688 2120 construction
704 2071 766 2120 with
783 2088 800 2119 a
817 2071 877 2118 verb

134 2137 180 2195 ive,
191 2137 273 2185 which
284 2137 306 2184 is
316 2144 360 2185 not
371 2153 429 2200 very
440 2152 560 2193 common,
571 2136 630 2184 here
646 2142 744 2200 suspect
755 2151 787 2184 un
799 2151 877 2184 error.

100 2207 128 2249 ut
138 2201 180 2248 the
191 2201 291 2250 obvious
302 2201 467 2250 construction
478 2217 577 2264 appears
589 2207 614 2249 to
625 2201 662 2260 be,
671 2201 697 2248 in
707 2201 750 2249 the
760 2199 875 2249 ablativo.

77 2265 132 2314 One
142 2264 195 2312 MS.
207 2265 255 2314 and
266 2266 310 2314 but
320 2282 373 2325 one,
385 2267 455 2315 reads
466 2265 520 2314 boui
531 2266 579 2314 ein·
591 2267 640 2314 and
651 2272 769 2329 quarunt

110 2329 123 2388 d
139 2329 226 2392 Atque.
259 2329 351 2393 Bishop
372 2331 463 2383 Penrce
485 2331 544 2380 here
563 2331 631 2396 gives
651 2331 735 2395 Atqui,
755 2329 878 2395 probably
936 2321 937 2340 ¹

77 2393 184 2460 rightly;
200 2393 259 2443 thou
277 2395 294 2444 h
305 2395 343 2444 his
354 2395 456 2461 reading
467 2395 513 2443 has
524 2403 568 2444 not
578 2398 639 2445 beon
650 2395 726 2446 found
737 2395 878 2444 confirmed

77 2460 110 2524 by
119 2475 168 2524 any
177 2457 231 2508 MS.
306 2477 319 2508 e
331 2477 397 2508 same
409 2461 543 2509 correction
554 2462 598 2510 has
609 2463 670 2510 been
681 2462 784 2524 adopted
795 2461 824 2508 in
832 2460 878 2509 the

77 2531 136 2574 next
147 2524 193 2573 cha
209 2529 257 2582 ten
272 2526 321 2574 and
332 2525 446 2590 probably
457 2526 544 2575 should
561 2527 612 2576 also
623 2528 652 2576 be
663 2527 766 2590 adopted
776 2525 805 2574 in
817 2525 845 2574 L.
859 2527 878 2575 i.
936 2539 937 2607 p

77 2603 98 2637 c.
110 2589 149 2638 40.
183 2540 262 2654 itque
272 2589 313 2638 hoc
325 2589 389 2637 idern
400 2589 531 2654 Sophocles

110 2653 121 2710 11
139 2653 269 2717 Deseudot.
300 2652 425 2712 nosmet,
436 2654 594 2704 maintained.
626 2656 697 2705 'I'hns
714 2655 743 2704 de
761 2655 830 2704 Orat
846 2655 876 2705 ii.

77 2713 116 2764 38.
148 2717 306 2768 “Carneades
317 2717 410 2768 nnllam
421 2735 538 2781 umquam
550 2720 575 2768 in
585 2719 634 2770 illis
643 2721 695 2770 suis
703 2719 876 2783 disputationi-

77 2777 122 2824 bus
131 2795 191 2852 'rem
207 2781 315 2830 defendit
329 2795 403 2842 quam
418 2799 468 2830 non
483 2783 591 2846 probarit
597 2786 620 2842 ;”
637 2787 686 2834 and
697 2800 719 2834 c.
730 2785 769 2834 50.
801 2783 875 2832 “Sed

77 2850 189 2889 merium
201 2859 231 2893 ac
242 2845 347 2894 debitam
358 2845 432 2894 fuisse
443 2845 602 2894 defenderis.”
