1882 3216
240 249 244 254 Ι
298 183 364 232 Lm.
375 184 393 230 1.
412 181 489 231 cur.
501 185 606 232 xxxv.
791 185 845 242 lor

59 344 142 399 quam
167 327 198 384 iu
223 327 301 384 omui
325 346 355 384 re
377 325 498 402 gerenda
522 325 696 398 consilioque
710 323 847 402 capiendo

59 424 170 462 servare
182 405 394 463 constantiam*

60 593 148 652 oAP.
164 595 289 653 XXXV.
327 592 413 664 Quod
425 594 465 652 rit
478 594 557 672 qood
570 595 690 666 deceut3
711 612 845 654 verecun-

218 674 273 732 diae
285 691 420 732 normam
434 693 453 732 α
464 682 573 732 notura
585 674 690 733 doceri.

97 831 159 887 Suu
174 831 307 902 quoniam
320 830 454 887 decorum
468 831 537 888 illud
558 831 588 890 in
609 831 739 889 omnibus
754 832 845 899 sactis,

59 908 151 976 dietis,
167 910 196 966 in
211 909 336 985 corporis
350 909 471 980 denique
493 919 572 967 motu
586 919 614 967 et
627 920 699 966 statu
714 912 845 976 cernitur,

58 987 142 1058 idque
158 989 283 1063 positum
297 998 340 1044 est
354 988 383 1044 iu
395 989 483 1044 tribus
497 990 591 1053 rebus,
606 988 788 1054 formositate,
803 1007 846 1044 or·

58 1066 132 1133 dine,
148 1076 247 1123 ornatu
262 1065 296 1122 ad
315 1067 454 1122 actionem
469 1076 542 1142 apto,
558 1065 718 1122 difficilibus
734 1066 769 1122 ad
790 1067 846 1123 elo-

58 1145 228 1216 quendumi
241 1144 291 1201 sed
311 1145 379 1201 satis
395 1144 608 1219 erit·iutelligi;
641 1145 669 1200 in
685 1143 730 1200 his
754 1155 846 1200 autem

58 1225 145 1280 tribus
165 1225 323 1280 continetur
337 1241 403 1279 cura
421 1223 506 1279 etiam
520 1222 577 1289 illa,
592 1233 623 1278 ut
636 1223 786 1298 probemur
800 1222 846 1288 iis,

58 1303 161 1372 quibus
185 1305 266 1376 oum‡
287 1301 361 1378 apud
382 1319 512 1373 quosque,
531 1302 679 1358 vivamus:
709 1301 754 1358 his
779 1318 847 1372 quo·

59 1399 112 1452 que
127 1380 163 1436 de
180 1377 262 1436 r'ebue
277 1399 367 1456 pauca
380 1379 515 1437 dicautur.

96 1458 255 1532 Principio,
271 1459 396 1535 corporis
412 1460 500 1516 nostri
521 1477 652 1536 magnam
673 1467 771 1515 natura
785 1458 847 1534 ipsa

57 1537 168 1594 videtur
195 1531 327 1594 habuisse
355 1537 511 1594 rationem:
547 1555 608 1609 quae
636 1537 754 1594 formam
782 1555 847 1594 nos·

57 1625 127 1672 tram
149 1614 342 1686 reliquamque
364 1615 491 1690 figuram,
506 1616 536 1672 iu
558 1634 613 1687 qua
636 1627 712 1672 esset
735 1616 845 1690 species

58 1693 186 1759 honesta,
202 1712 265 1750 eam
278 1694 372 1767 posuit
383 1695 412 1749 in
424 1704 549 1767 promtu:
576 1711 637 1763 quae
649 1704 742 1768 partes
753 1703 845 1750 autem

11 1771 13 1780 ’
59 1773 185 1848 corporis
200 1771 352 1828 advnamrae
378 1772 573 1828 necessitatem
596 1769 675 1836 datae,
701 1781 845 1846 aspectum

58 1929 59 1932 ’
90 1931 105 1962 ¹¹
116 1928 219 1977 Servare
231 1928 404 1984 muotaotiam:
420 1933 443 1974 to
454 1925 547 1974 observo
564 1926 719 1988 ommnwy.

213 2064 215 2071 ’
314 2069 479 2120 CHAPTER
495 2069 594 2118 XXXV.

90 2201 103 2252 i
115 2199 263 2263 D‘fflcilibuu
274 2199 308 2248 ad
323 2199 485 2264 eloquendum.
517 2199 574 2248 And
591 2199 649 2263 why
658 2199 752 2248 r-Not
763 2217 795 2249 ou
807 2217 846 2250 ao

57 2274 132 2315 count
144 2266 173 2315 of
190 2267 350 2329 the.poverty
368 2266 397 2313 of
411 2265 450 2314 his
472 2266 600 2330 lunguage,
616 2267 659 2313 but
681 2265 783 2314 because
805 2267 846 2315 the

58 2331 123 2380 [ὼε
140 2348 181 2380 ure
197 2337 285 2380 mutter
302 2330 330 2379 of
342 2337 414 2387 ἰωῆς
434 2327 478 2378 not
493 2331 550 2394 only
561 2329 676 2394 differiug
692 2331 718 2378 in
735 2330 847 2380 different

57 2396 188 2454 eonati-ies,
200 2397 248 2444 and
260 2411 325 2460 ages,
335 2397 379 2444 but
393 2395 420 2444 in
436 2411 508 2460 every
519 2395 664 2453 individuuh
679 2397 740 2445 euch
755 2397 846 2460 having

58 2462 96 2509 his
107 2478 165 2510 own
174 2461 299 2510 tutandrrd.
331 2461 372 2510 On
383 2461 475 2508 certain
493 2461 573 2523 points
589 2477 626 2509 we
643 2477 701 2524 may
712 2477 798 2525 egree3
814 2477 846 2508 ou

57 2527 147 2584 others,
158 2526 253 2588 dispute
264 2525 301 2574 for
312 2541 374 2573 ever.
407 2525 555 2574 Formouitau
563 2541 621 2590 moy
630 2525 692 2574 refer
703 2533 729 2574 to
739 2527 780 2573 the
788 2524 846 2590 gista

58 2591 87 2640 of
103 2599 205 2649 πωπω
227 2590 328 2650 ordo‚to
345 2591 386 2640 the
404 2589 478 2640 effect
494 2592 524 2644 of
532 2593 673 2656 judgment3
697 2597 805 2646 umatus,
821 2595 847 2636 to

91 2721 207 2780 tonum
219 2737 280 2771 cumr.
307 2721 372 2770 Cum
382 2721 476 2784 quibus
494 2721 610 2786 significo,
626 2719 690 2768 those
702 2715 759 2765 with
770 2714 845 2763 whom

60 2803 93 2834 ue
104 2787 230 2846 muciam
242 2803 285 2836 our
291 2785 383 2851 family
391 2785 559 2849 ondsriende:
575 2784 712 2848 apudquoe
720 2795 764 2828 our
775 2793 844 2826 coufl-

60 2851 372 2917 trymeusetloweitizem.
435 2877 439 2884 ‹
