1890 3224
90 191 147 244 300
368 181 415 229 uu
433 177 585 228 osmens.

130 329 197 386 Non
218 325 294 383 enirn
318 323 419 380 salsum
437 319 705 398 jurare‚.per]'ursrs
726 325 792 386 est;
815 316 875 384 sed,
924 283 933 316 l

91 405 166 482 quod
181 423 219 462 ux
233 419 319 460 nurnr
330 419 381 458 ‘rur
395 417 564 458 susurrum
570 397 683 475 juraris,
696 396 770 452 sieut
782 397 879 453 verbis

92 484 248 560 coneipitur
261 498 338 537 more
351 481 473 544 nostru*
489 477 516 534 id
531 496 589 534 non
608 475 709 543 lasere,
721 475 880 552 perjurium

91 572 143 620 est.
185 559 261 616 Seite
276 558 352 616 enirn
365 555 517 634 Euripides
531 556 553 616 :†

167 671 266 730 Juravi
279 671 384 747 lingua,
399 679 522 726 mentem
537 667 682 744 injuratum
698 684 776 743 gero.

93 784 219 862 Regulus
231 801 297 841 vero
307 801 364 840 non
373 781 468 839 debuit
478 781 664 847 conditiones,
675 779 880 854 pactionesque

93 863 208 922 bellicas
236 873 265 920 et
291 861 410 920 hostiles
439 859 598 936 perturbare
627 858 761 934 perjurio.
804 857 882 918 Cum

87 943 166 1020 justo
178 942 253 999 enirn
269 951 296 998 et
310 940 436 1015 legitimo
452 939 531 996 hoste
547 956 591 994 res
612 939 767 1013 gerebatur,
783 935 880 993 adver·
936 903 937 988 l

91 1040 140 1078 sus
155 1037 238 1094 quern
253 1030 281 1076 et
294 1027 383 1075 totum
394 1019 441 1094 jus
455 1015 575 1091 fetiale‚‡
588 1027 617 1072 et
632 1015 720 1072 multa
733 1024 800 1070 sunt
815 1015 880 1090 jura
936 995 937 1036 t

90 1099 263 1158 eommunia.
305 1096 389 1162 Quod
410 1098 438 1153 ni
452 1098 490 1153 ita
511 1103 595 1161 esset,
611 1111 765 1164 numquam
788 1093 878 1150 claros

91 1179 169 1236 viros
184 1186 298 1234 senatus
313 1176 421 1232 vinctos
436 1175 563 1232 hostibus
579 1171 741 1229 dedidisset.

90 1411 182 1469 GAP.
196 1410 293 1468 XXX.
319 1409 447 1478 Quidum
467 1406 597 1465 Romani
618 1405 753 1464 hostibus
768 1405 875 1467 dediti:

64 1483 69 1500 ⁸
127 1511 130 1518 ·
231 1486 304 1563 quid
317 1486 357 1543 sit
369 1486 403 1543 in
416 1485 531 1562 Regulo
547 1485 726 1543 niaximum.

47 1641 50 1647 ’
128 1647 260 1702 Asuero
283 1638 321 1700 Τ.
336 1641 470 1700 Veturius
494 1653 522 1700 et
544 1643 596 1719 sp.
619 1641 801 1710 Postumius,
815 1659 879 1700 curn

88 1815 131 1850 ure
142 1801 214 1849 sured
224 1801 256 1864 by
265 1799 291 1858 it,
298 1800 329 1848 he
340 1805 414 1847 trente
425 1800 486 1848 suoh
497 1798 614 1861 promises
625 1814 652 1846 ss
663 1797 689 1846 in
701 1798 804 1862 general
815 1797 882 1846 bind·
936 1829 937 1832 =

89 1866 140 1931 ing.
173 1865 222 1915 But
238 1865 264 1913 in
280 1867 425 1926 subsequent
440 1865 543 1912 editions
559 1864 590 1912 he
606 1865 724 1920 observes,
741 1864 797 1912 tlrst
814 1864 881 1912 these
933 1855 937 1878 ⁴

90 1947 148 1994 may
157 1932 186 1978 be
195 1931 264 1978 mede
274 1931 314 1978 the
323 1929 470 1979 instrument
478 1929 507 1978 of
513 1929 599 1977 almost
608 1928 737 1977 unlimited
747 1929 883 1983 extortion;

89 1995 139 2044 end
149 1996 275 2053 therefore,
286 1995 314 2042 io
331 1994 369 2042 tlt'e
388 1995 496 2057 question
515 1993 617 2042 between
634 1993 672 2040 tlte
689 1995 841 2056 importunos
857 1991 885 2055 os

89 2060 154 2108 these
170 2061 272 2126 opposite
289 2074 467 2122 consonantes,
478 2058 571 2107 resides
587 2058 625 2106 tlte
642 2056 714 2106 doubt
730 2059 882 2121 emeriting

91 2124 128 2172 tte
139 2123 307 2189 obligationes
319 2123 378 2172 such
390 2125 515 2188 promises.
547 2123 602 2171 The
613 2123 683 2170 noble
695 2122 798 2171 minded
810 2123 881 2171 Mon·
929 2124 937 2154 l

92 2189 175 2252 teigne
187 2190 296 2238 remarks
301 2205 333 2237 on
344 2188 393 2237 this
404 2191 503 2253 subject,
514 2188 566 2235 “Ge
575 2203 620 2250 que
628 2188 653 2235 lu
661 2187 754 2235 orainte
763 2190 816 2236 m'rt
824 2188 883 2236 fuist

91 2267 139 2300 une
155 2253 200 2302 fois
216 2254 314 2312 vouloir,
327 2255 353 2317 je
369 2254 420 2302 suis
436 2260 495 2302 tenu
514 2255 543 2302 de
563 2253 585 2300 le
604 2253 695 2300 vouloir
715 2267 805 2300 encore
824 2268 882 2300 suns

91 2317 196 2365 orninte:
213 2324 237 2365 et
248 2320 329 2379 qusnd
339 2319 384 2366 ello
395 2320 480 2368 n’sure
496 2317 559 2367 foros
576 2333 622 2379 que
634 2333 675 2364 ms
685 2317 776 2380 longus
787 2333 846 2366 saus
857 2317 882 2365 ls

91 2381 192 2494 volorfts,
203 2397 290 2430 encore
301 2383 385 2446 suis-je
396 2389 455 2432 tenu
465 2385 494 2432 de
506 2383 565 2432 sitire
576 2382 601 2430 ln
611 2382 692 2430 maille
704 2383 784 2430 bonne
796 2383 827 2431 de
838 2398 881 2430 ms

92 2463 150 2510 pero
159 2448 195 2494 e.'’

124 2516 138 2545 '⁸
155 2511 220 2560 More
231 2518 317 2559 oestro.
350 2511 431 2560 These
449 2529 544 2574 sppesr,
556 2511 680 2568 therefore,
692 2517 717 2559 to
731 2513 760 2560 be
778 2512 820 2560 the
832 2511 879 2560 sor-

92 2577 142 2623 mel
153 2577 231 2623 words
242 2576 268 2624 in
280 2575 360 2623 whioh
371 2577 411 2623 the
427 2576 483 2623 ooth
495 2594 546 2626 was
562 2576 750 2634 administered3
766 2583 790 2624 to
805 2577 879 2640 speeie

92 2639 130 2686 tlte
141 2639 206 2686 trutlr
218 2638 396 2701 unoquiuoeully
405 2655 415 2694 ,⁰
431 2641 528 2689 without
539 2641 691 2688 reseruatioru

98 2761 104 2774 ,
124 2701 140 2780 's
156 2701 296 2764 Euripides.
328 2700 359 2747 In
370 2701 494 2765 Hippolyt.
503 2721 524 2752 v.
534 2705 586 2752 611.
610 2710 639 2750 ‘H
650 2704 877 2771 yndcc’ipadparffi

93 2765 140 2809 urle
152 2765 201 2826 wir
211 2765 334 2824 ἀνώμοτος.

124 2824 134 2874 l
150 2826 198 2874 Jue
203 2827 297 2887 fetiale.
330 2826 383 2874 Lib.
392 2826 408 2874 i.
420 2843 440 2876 o.
453 2828 489 2876 ll.
542 2867 543 2872 ,
