1896 3220
80 165 100 220 8
367 161 415 208 DE
433 159 586 208 urricus.

79 305 219 364 rentemin
232 312 293 362 eet:
316 302 365 375 qui
385 309 479 360 tumen
493 302 628 362 habereut
642 303 691 379 jue
712 320 796 362 ouum
811 300 871 362 die·
938 293 939 310 ἦ

80 382 196 460 putandi
210 381 244 440 de
259 379 363 448 officio,
379 381 404 438 si
424 399 518 438 rerum
536 380 657 454 aliquem
672 379 810 440 delectum
825 400 871 442 re·

79 461 238 532 liquissent,
259 471 291 518 ut
310 459 345 518 ad
366 458 451 517 officii
472 460 662 518 inventionem
677 460 767 518 editus
782 470 871 520 esset.
936 473 940 506 t

81 539 233 610 Sequimur
246 539 338 616 igitur,
360 539 415 596 hoc
436 538 549 610 quidem
571 548 700 615 temporo
717 549 746 596 et
767 539 871 600 hacid

81 618 245 690 questione,
268 617 447 693 potissimum
469 617 592 684 Stoicos,
612 637 669 675 nou
690 618 871 694 utinterpre·
939 625 940 630 ’

81 706 139 762 tes;
161 696 221 764 sed,
237 709 267 754 ut
281 696 415 763 solemus,
430 714 447 752 e
461 695 584 753 sontibus
599 714 696 755 eorum
706 695 816 772 judicio
828 717 871 756 ar·

80 775 220 848 bitrioque
234 785 340 842 nostro,
355 782 490 846 quantum
504 792 615 848 quoque
624 773 709 832 modo
719 773 870 844 videbitur,

80 853 253 912 hauriemus.
294 852 391 911 Placet
410 853 504 929 igitur,
518 853 651 927 quoniam
666 853 759 912 omnio
773 853 871 930 dispu-
940 889 941 902 2

81 932 148 988 tatio
162 932 196 990 de
211 931 305 990 officio
325 931 418 990 future
437 940 490 999 est,
511 941 575 990 ante
596 932 721 1000 delinire,
743 931 812 1006 quid
833 932 871 990 eit

81 1009 225 1068 officium:
248 1009 323 1085 quod
338 1010 490 1070 aPanaetio
505 1012 725 1087 pretermissum
739 1029 804 1068 esee
819 1012 871 1072 mi·

81 1091 154 1146 rom*
196 1089 297 1148 Omnis
311 1090 400 1157 enim,
422 1109 484 1162 quae
506 1090 641 1147 aratione
661 1089 815 1166 suscipitur
834 1089 871 1148 de

82 1167 174 1240 aliqua
194 1187 224 1226 re
240 1169 388 1234 institutio,
409 1166 492 1224 debet
505 1186 522 1223 a
535 1167 698 1224 delinitione
715 1169 870 1244 proficisci,

82 1256 113 1302 ut
126 1246 303 1323 intelligatur,
319 1245 387 1316 quid
401 1245 438 1301 sit
452 1244 490 1310 id,
506 1244 540 1301 de
555 1263 611 1316 quo
625 1244 805 1322 disputetur.†

242 1484 332 1543 GAP.
348 1484 401 1544 111.
427 1483 594 1562 officiorum
608 1485 725 1546 divisio.

86 1681 88 1685 ’
123 1675 220 1734 Ouum
241 1677 275 1734 de
297 1675 392 1735 officio
411 1675 517 1754 duplex
539 1685 584 1733 est
606 1677 734 1747 quaeetio.
775 1677 875 1738 Unum

83 1865 189 1898 euenere
201 1857 226 1898 to
238 1866 282 1898 our
293 1849 370 1900 lrirrcd
381 1851 420 1914 off.
455 1851 546 1908 Aristo,
564 1866 578 1898 n
591 1849 673 1897 native
684 1852 714 1897 ol'
725 1851 810 1914 Chios,
822 1855 874 1901 eud

84 1916 200 1976 Herillus,
209 1931 225 1962 e
237 1916 423 1978 Carthaginien,
435 1931 498 1962 were
510 1915 623 1973 dieciples
635 1915 665 1960 ol
673 1915 750 1975 Zeno,
762 1917 806 1963 but
818 1931 874 1966 cer·

83 1979 135 2026 ried
155 1983 198 2027 the
218 1979 309 2027 Stoice!
328 1980 440 2040 opinione
461 1986 486 2025 to
498 1993 513 2024 e
525 1980 615 2039 degree
633 1979 662 2024 ol
682 1988 875 2042 extravagance.

86 2044 180 2103 Pyrrho
192 2058 242 2090 wer
253 2044 294 2090 the
305 2045 391 2090 leuder
407 2045 437 2090 ol
450 2042 491 2088 the
503 2041 621 2101 Sceptice.
654 2042 714 2090 The<
723 2045 840 2104 opinione
850 2048 880 2092 us

83 2107 153 2154 these
164 2107 335 2166 philosophero
347 2121 389 2153 ere
401 2106 495 2152 cluered
508 2105 629 2166 together,
638 2120 665 2152 ee
677 2109 779 2168 tending
790 2116 816 2154 to
826 2110 876 2158 dir-

84 2173 140 2218 turh
158 2171 197 2216 the
209 2170 352 2218 lendmerks
366 2170 443 2216 which
461 2169 606 2226 distinquirh
619 2169 706 2219 Virtue
726 2172 788 2220 from
806 2173 876 2221 Viee.

84 2233 123 2282 De
142 2233 199 2280 Fin.
215 2233 257 2279 lih.
271 2234 295 2280 ii.
318 2248 339 2280 c.
355 2235 391 2281 13.
408 2233 448 2280 lib.
462 2232 494 2308 iii.
513 2247 534 2280 c.
545 2234 569 2281 3.
593 2233 633 2282 lib.
650 2233 829 2284 iv.c.14.eod
844 2239 875 2287 to

84 2296 490 2410 Dlegl'uhhdg-'P-drhodndddih
502 2367 528 2408 nt
546 2359 664 2420 Rhodon
680 2376 696 2410 e
712 2364 873 2424 philosopher

83 2424 114 2470 ol'
122 2426 163 2471 the
176 2424 243 2472 Stoic
255 2433 315 2473 rect.
345 2426 385 2474 No
397 2434 453 2485 pert
463 2425 493 2470 os
500 2423 538 2470 his
550 2426 629 2471 worhr
641 2427 686 2472 hee
698 2429 803 2476 reached
816 2443 874 2488 pou·

84 2489 165 2549 terity.
199 2489 286 2537 Cicero
306 2491 352 2538 hes
371 2489 423 2537 eeid
441 2490 471 2535 of
485 2487 545 2548 him,
565 2488 602 2536 De
620 2489 675 2536 Flo.
687 2490 727 2539 lib.
748 2493 779 2538 iv.
799 2507 821 2540 c.
839 2498 874 2558 9.,

84 2555 103 2582 “
113 2554 195 2600 Homo
208 2553 327 2613 imprimis
338 2556 458 2615 ingenuus
470 2560 494 2600 et
506 2552 596 2613 gravis,
607 2553 695 2614 dignun
707 2555 749 2604 ille
765 2557 874 2610 tumlti·-

84 2616 157 2664 ritete
170 2615 292 2675 Scipionis
304 2626 327 2664 et
340 2617 423 2665 uerte

115 2678 283 2743 intentetur.
315 2681 356 2728 No
368 2681 446 2728 direct
457 2679 582 2726 definitior
595 2680 669 2726 ol'the
678 2682 746 2728 word
760 2682 876 2746 Officium

84 2741 104 2788 ie
116 2743 228 2790 however
238 2745 380 2804 giren—ln
398 2744 439 2790 the
451 2750 510 2790 next
521 2741 639 2803 Chapter,
652 2743 739 2791 Cicero
751 2753 875 2805 proceeds

83 2811 109 2851 to
122 2805 267 2869 dintinguieh
280 2808 329 2854 end
339 2807 537 2867 cleerisyrdutiee.
