1882 3216
297 183 361 230 LIB.
376 182 395 230 I.
415 181 492 230 GAI‘.
506 181 625 230 XXXIII.
796 183 850 240 108

64 325 166 384 lexerit
179 321 287 394 errasse
299 327 327 384 in
341 323 490 401 deligendo
501 343 601 402 genere
613 326 686 384 vito.
727 324 810 393 Quod
826 328 851 384 si

63 406 196 463 acciderit
217 404 427 482 (potestantem
448 403 585 480 accidere)
601 403 726 462 sarienda
739 421 850 463 morum

61 485 308 556 institutorumque
333 483 449 540 mutatio
467 491 520 541 est.
559 483 633 540 Eam
657 485 851 550 mutationem,

62 564 89 619 si
105 573 231 639 tempora
251 561 428 637 adjuvabunt,
444 561 551 620 facilius
567 561 799 635 commodiusque
813 562 852 620 fa·

61 642 182 698 eiemus.
222 640 276 698 Sin
290 642 402 706 minuar
423 641 530 698 sensim
545 639 597 698 erit
621 638 850 717 pedetentimque

60 719 207 776 facienda:
229 732 260 776 ut
286 719 433 787 amicitias,
461 735 524 792 quae
549 721 643 776 minus
666 717 804 776 delectent
823 723 852 776 et

62 800 225 874 probentur,
237 800 327 874 maglo
339 797 437 854 deoere
449 808 566 855 censent
575 799 734 873 sapientes*
744 799 851 855 sentim

62 877 202 945 dissuere,
228 893 313 949 quam
326 885 441 953 repente
466 875 627 952 prae'eidere.
669 875 851 935 Commutato

61 963 157 1014 autem
171 971 274 1032 genere
288 955 361 1024 ritae,
377 956 455 1013 omni
466 956 573 1028 radone
587 954 740 1012 curandum
754 963 808 1022 est,
820 965 851 1012 ut

61 1033 93 1092 id
106 1035 183 1094 bono
197 1035 317 1092 oonsilio
330 1034 432 1092 lesisse
446 1033 600 1108 videamur.

100 1112 161 1170 Sed
174 1113 308 1186 quoniam
322 1113 416 1190 paullo
430 1123 493 1169 ante
507 1109 613 1168 dictum
632 1119 685 1178 est,
700 1109 850 1168 Imitandus

60 1209 125 1250 esse
139 1191 273 1268 majores,
289 1191 410 1268 primum
425 1190 494 1248 illud
507 1199 658 1265 exceptum
672 1190 718 1256 sit,
734 1205 769 1246 ne
783 1189 851 1246 titia

61 1272 119 1328 sInt
144 1269 303 1332 Imitanda.†
342 1269 463 1338 Deiode,
484 1270 510 1326 si
534 1279 630 1327 natura
648 1284 706 1327 non
726 1267 804 1334 leret,
819 1276 851 1325 ut

59 1347 191 1422 quaedam
218 1350 320 1406 imitari
344 1350 452 1424 possim
485 1347 528 1428 (ut
549 1347 702 1424 superioris
725 1346 849 1404 Asrioaui

59 1429 148 1496 tillus,
163 1428 212 1499 qui
237 1427 312 1486 huno
336 1427 436 1484 Paullo
458 1439 554 1487 nattum
568 1427 719 1503 adoptavit,
735 1435 850 1504 propter

59 1507 252 1565 Infirmitatem
280 1505 446 1564 valetudinis
474 1505 533 1568 noir
559 1515 616 1563 tam
643 1507 735 1582 potuit
762 1504 848 1580 patris

60 1586 164 1644 similis
178 1601 253 1651 esse,
268 1603 352 1657 quam
377 1585 424 1642 ille
439 1585 528 1642 suerat
552 1583 608 1661 sui)
634 1585 659 1640 si
683 1585 768 1660 igitur
790 1599 849 1640 non

60 1665 164 1740 poterit
173 1664 232 1720 sive
247 1681 360 1737 caussas
373 1661 549 1729 defensitare,
561 1664 621 1719 sive
636 1659 772 1737 populum
783 1677 849 1719 ton·

59 1743 191 1801 oionibus
204 1751 307 1808 tenere,
317 1741 378 1799 sive
386 1743 459 1799 bella
467 1757 563 1817 gerere
575 1760 584 1807 3
598 1740 647 1798 illa
658 1749 750 1798 tamen
765 1754 849 1815 praes·

63 1831 119 1879 tare
134 1820 256 1888 debebit,
271 1838 333 1891 quae
347 1831 429 1878 erunt
441 1821 470 1876 in
495 1819 585 1895 ipsius
609 1827 755 1893 potestate,
766 1817 849 1893 justi·

60 1901 140 1966 tiam,
155 1898 252 1967 fidem,
275 1899 477 1965 liberalitatem,
492 1895 669 1962 modestiam,
693 1908 849 1970 temperan-
882 1958 885 1963 ,

61 1979 140 2050 tiam,
154 1996 211 2050 quo
225 1978 318 2035 minus
339 1979 372 2036 ab
387 1996 421 2034 eo
436 1977 475 2044 id,
495 1974 570 2047 quod
590 1973 672 2046 desit,
686 1972 849 2043 requiratur.

61 2056 180 2133 Optima
194 2067 286 2113 autem
300 2057 439 2114 hereditas
449 2073 465 2113 a
476 2053 599 2132 patribus
614 2052 729 2109 traditur
742 2051 848 2118 liberis,

60 2135 198 2207 omnique
224 2135 391 2211 patrimonio
413 2133 597 2211 prestantior,
623 2131 712 2209 gloria
739 2129 848 2188 virtutis

60 2231 212 2288 rerumque
227 2221 386 2290 gestarum:
413 2215 459 2270 eui
476 2209 607 2270 dedecori
629 2229 704 2279 esse,
725 2207 802 2267 nefas
817 2227 848 2267 es

59 2292 183 2370 impium
193 2291 378 2368 judicandum
391 2303 443 2350 est.

48 2473 52 2480 .
92 2436 107 2468 t
119 2433 254 2498 Sapienter.
286 2433 372 2482 Cicero
391 2433 435 2483 hus
451 2432 581 2482 elsewhere
598 2431 727 2481 attributed
743 2437 770 2480 to
788 2429 849 2478 cato

59 2499 110 2548 this
121 2499 213 2548 advioe.
245 2497 339 2558 “Tales
350 2499 465 2548 amicitie
477 2503 534 2548 sunt
545 2497 687 2546 remissione
698 2511 757 2546 usus
768 2496 849 2544 eluen-

59 2566 110 2622 drat
126 2570 151 2613 et
162 2570 191 2612 ut
204 2564 323 2612 Catonem
334 2564 413 2613 ditare
430 2563 517 2622 audivI,
533 2563 669 2612 dissuenda
680 2562 760 2627 magis
776 2573 850 2622 quam

59 2628 250 2678 dimindendar’
283 2627 343 2678 Lrel.
353 2629 391 2678 21.
417 2660 420 2669 ι
586 2659 587 2664 =

94 2694 107 2746 i
120 2692 318 2742 Ne-imitctndo,
351 2694 413 2743 This
423 2695 444 2742 is
455 2691 570 2766 probrthlp⁷
582 2689 702 2748 intended,
714 2695 756 2737 not
767 2693 792 2734 to
802 2685 849 2732 dit·

60 2759 138 2808 nude
148 2757 211 2808 from
219 2758 260 2806 the
271 2758 391 2808 imitation
400 2757 510 2808 osmoral
521 2755 702 2817 dihnqueneier,
713 2755 755 2800 but
766 2749 795 2796 of
800 2763 849 2810 any

60 2823 226 2886 peculiarities
237 2839 264 2871 or
275 2824 385 2885 personal
396 2823 486 2873 defecta
494 2822 521 2870 in
531 2821 600 2869 those
611 2831 709 2882 persons
720 2813 801 2862 whom
813 2825 850 2859 we

61 2895 164 2954 respect,
173 2888 222 2940 and
230 2888 286 2938 take
295 2905 322 2938 us
334 2888 425 2937 models
