1888 3222
371 187 485 238 mant.
504 150 604 239 cnei,
817 197 873 254 att

80 329 170 405 rique
189 328 334 407 prohibiti,
358 333 446 390 otium
474 333 683 408 persequimur:
704 341 733 391 et
752 334 788 391 ob
808 353 871 395 etur

77 426 224 476 oaussam,
237 410 306 466 urbe
320 410 424 478 relicta,
439 426 501 468 rura
514 419 702 487 peragrantes,
721 429 797 489 saepe
816 414 871 472 soli

66 505 193 546 sumus.

68 570 71 577 '
120 565 179 623 Sed
193 583 245 622 nee
259 565 313 623 hoo
328 566 415 623 otium
434 584 499 624 nunt
521 567 644 630 Africani
658 568 726 636 otio,
742 582 794 626 neo
809 569 868 626 haeo

80 643 204 724 solitudo
224 662 290 702 eum
310 645 359 701 illa
378 645 563 720 eomparanda
577 657 629 703 est.
670 646 720 704 llle
735 649 810 706 enirn
826 665 867 704 re·

80 723 231 794 quiescens
244 741 261 778 a
276 723 318 779 rel
340 723 457 799 publiea!
486 724 681 799 pulcherrimis
706 727 867 783 muneribus

79 801 170 858 otium
185 801 239 857 sibi
253 802 380 859 sumebat
391 801 548 874 aliquando,
563 814 591 858 et
602 821 619 858 a
632 812 704 858 otetu
718 803 866 861 hominum

79 878 291 950 frequentiaque
319 878 477 944 interdurn,
492 889 634 952 tamquam
648 881 677 936 in
698 891 820 955 portum,
835 899 868 938 se

78 955 299 1014 insolitudinem
313 957 473 1032 recipiebat.
514 957 651 1016 Nostrum
672 969 763 1016 autem
777 960 866 1016 otium

78 1034 187 1110 negotii
204 1034 309 1110 inopia,
323 1053 381 1093 non
394 1033 589 1106 requiescendi
609 1034 711 1102 studio,
733 1037 865 1093 constitu·

77 1122 139 1170 tum
153 1120 206 1170 est
246 1112 396 1170 Exstincto
423 1112 499 1169 enirn
520 1123 628 1179 senatu,
643 1111 797 1182 deletisque
820 1113 866 1188 ju·

77 1190 190 1258 dicits*
209 1189 277 1264 quid
297 1189 427 1263 estquod
448 1189 564 1266 dignum
584 1190 666 1247 nobis
687 1191 868 1248 antinomia
935 1239 938 1242 .

78 1278 126 1326 aut
139 1268 170 1326 in
184 1269 244 1327 foro
258 1285 340 1345 agere
351 1269 513 1346 possimus?

115 1345 160 1404 lta
170 1348 219 1419 qui
229 1348 260 1405 in
270 1347 395 1404 maxima
401 1347 559 1404 celebritate
568 1357 649 1419 atque
659 1345 689 1404 in
697 1345 786 1405 oculis
798 1346 866 1406 eivi-

74 1441 125 1483 stm
139 1424 282 1497 quondam
295 1425 428 1493 viximus,
443 1442 517 1482 nuno
530 1425 669 1502 fugientes
682 1435 866 1502 conspectum

76 1504 287 1571 sceleratorum,
310 1503 410 1576 quibus
435 1505 530 1561 omnia
551 1503 715 1570 redundant,
738 1503 886 1560 abdimus*

76 1601 141 1647 nos,
163 1591 298 1655 quantum
323 1583 399 1649 lieet,
420 1591 449 1640 et
469 1599 550 1659 saepe
577 1583 631 1640 soli
658 1599 766 1640 sumus.
807 1579 866 1638 Sed

75 1659 144 1733 quia
151 1661 194 1717 sie
205 1661 239 1717 ab
250 1659 411 1718 homiuibus
422 1661 512 1717 doctis
524 1659 694 1734 accepimus,
704 1679 761 1717 non
771 1660 865 1717 solum

75 1756 114 1796 ex
128 1738 210 1799 malis
224 1738 327 1814 eligere
348 1739 466 1798 nunima
484 1747 627 1813 oportere;
649 1736 700 1793 sed
718 1738 802 1794 etiam
817 1753 865 1794 ex·

77 1833 193 1893 serpere
214 1835 251 1874 ex
272 1817 318 1875 his
341 1817 422 1893 ipsis,
437 1815 463 1873 si
477 1814 545 1886 quid
558 1815 665 1871 inesset
677 1815 761 1883 boni;
783 1829 866 1890 prop·

77 1905 155 1953 terea
173 1905 203 1953 et
221 1895 279 1954 otio
299 1895 384 1964 fruor,
399 1911 457 1953 non
476 1893 527 1952 illo
548 1891 672 1966 quidem,
687 1909 745 1963 quo
766 1891 866 1948 debeat

75 1972 103 2031 is
128 1972 179 2047 qui
202 1971 342 2046 quondam
366 1972 524 2050 peperisset
546 1970 635 2029 otium
659 1969 781 2036 eivitati3
812 1985 866 2026 neo

75 2069 140 2110 eam
155 2049 333 2108 solitudinem
345 2052 478 2127 languere
488 2049 588 2126 patior,
600 2065 685 2122 qoem
696 2046 767 2105 milti
778 2045 866 2105 adfert

76 2138 250 2195 necessetas,
266 2147 322 2187 nou
333 2129 474 2187 voluntas.
677 2185 681 2192 ,

117 2207 295 2280 Quamquam
323 2207 471 2264 Africanus
498 2205 633 2282 majorem
660 2202 771 2263 laudem
798 2221 865 2262 meo

71 2284 183 2363 judicio
190 2285 395 2356 assequebatur.
412 2282 866 2360 Nulloenimejusingeniinronu-

18 2417 21 2422 .
75 2372 173 2422 menta
193 2361 322 2420 mandata
342 2361 450 2428 litteris,
465 2361 574 2420 nullum
595 2379 667 2438 opus
682 2361 743 2430 otii,
757 2361 865 2420 nullum

74 2439 237 2500 solitudinis
252 2458 355 2498 munus
371 2449 471 2498 exstat
519 2439 565 2498 Ex
575 2457 632 2513 quo
642 2440 760 2516 intelligi
772 2439 864 2506 debet,

76 2521 158 2596 illum
178 2519 280 2578 mentis
301 2515 461 2595 agitatione,
478 2517 749 2594 investigationeque
769 2533 864 2574 earum

107 2727 277 2795 *namqu
287 2725 456 2794 justisseme
466 2707 663 2805 aaronem
673 2725 702 2789 os
708 2725 799 2788 justet
810 2723 865 2772 uae

72 2775 418 2926 liigco‘dlidlorlomlttlsmffd
436 2793 544 2852 Ouum,
560 2792 602 2842 the
620 2789 791 2855 proterentes
806 2789 867 2838 been
