1888 3222
90 189 144 246 164
368 187 415 235 DE
434 186 587 238 ormena.

88 333 145 387 hon
167 327 320 401 quaerendoe
339 329 431 386 solum
452 331 521 388 ratio
535 338 587 397 est,
601 345 698 386 verum
714 325 801 389 etiam
813 327 869 390 eoi·

89 407 220 472 locanda,
242 425 303 478 quae
328 419 477 496 perpetuos
498 417 605 465 sumtus
626 407 798 483 suppeditet,
818 429 869 469 nec

89 486 180 544 solum
202 503 384 549 necessarios,
400 486 449 543 sed
468 487 552 543 etiam
572 485 709 552 liberales,
725 487 769 544 sic
783 489 869 565 gloria

88 573 116 620 et
129 563 284 634 quaerenda,
299 575 327 620 et
340 563 501 621 collocanda
513 565 617 621 ratione
632 567 703 620 est*

128 641 304 712 Quamquam
325 642 454 716 praeolare
473 643 627 708 Socrates,†
640 641 712 699 hane
736 641 814 702 viam
837 640 869 700 ad
934 647 935 662 ³

88 717 203 792 gloriam
215 720 370 794 'proximam
382 729 410 775 et
420 721 500 790 quasi
514 720 749 795 compendiariam
760 719 870 780 dicebat

87 813 160 863 esse,
182 798 207 854 si
231 799 293 869 quis
315 797 343 854 id
362 809 463 873 ageret,
482 807 524 864 ut,
549 799 638 868 qualis
661 799 758 855 haberi
776 801 869 866 vellet,

88 875 150 932 talis
177 887 261 932 esset.
302 875 384 942 Quod
411 877 435 932 si
461 877 509 948 qui
533 876 718 943 simulatione,
741 890 770 933 et
795 878 870 935 inani

88 955 282 1020 ostentatione,
294 967 322 1012 et
334 955 398 1012 fioto
409 973 467 1011 non
478 956 560 1011 modo
571 971 711 1020 sermone,
723 955 773 1011 sed
785 957 870 1014 etiam

88 1033 176 1100 vultu,
190 1033 317 1090 stabilem
335 1051 367 1090 se
388 1033 504 1109 gloriam
517 1033 652 1103 consequi
666 1049 751 1108 posse
763 1043 871 1102 rentur,

89 1112 375 1169 vehementererrant.
416 1111 490 1167 Vera
501 1110 588 1186 gloria
596 1110 702 1166 radices
712 1111 778 1185 agit,
787 1122 870 1184 atque
934 1121 935 1124 ’

88 1191 172 1246 etiam
186 1200 366 1264 propagatur:
388 1190 453 1246 fieta
472 1189 566 1246 omnia
579 1188 712 1253 celeriter,
727 1199 871 1260 tamquam

88 1265 208 1332 flosculi,
223 1267 362 1334 decidunt,
375 1285 427 1322 nee
440 1267 598 1323 simulatum
613 1275 705 1340 potest
717 1266 872 1338 quidquam

88 1361 151 1414 esse
173 1344 341 1400 diuturnum.
383 1344 485 1400 Testes
505 1353 570 1401 sunt
583 1343 712 1420 permulti
725 1345 755 1400 in
768 1354 872 1402 utram·

87 1439 142 1492 que
157 1431 279 1496 partem:
301 1421 352 1476 sed
365 1421 505 1477 brevitatis
520 1441 618 1478 caussa
631 1421 736 1477 familia
746 1423 871 1480 contenti

88 1498 191 1553 erimus
205 1517 269 1554 una.
311 1498 359 1554 Ti.
375 1499 450 1554 enirn
466 1499 638 1572 Gracchus,‡
649 1499 682 1556 P.
701 1499 734 1555 F.
750 1501 871 1557 tamdiu

88 1574 251 1641 laudabitur,
286 1575 352 1632 dum
386 1578 522 1633 memoria
554 1595 644 1636 rerum
678 1575 870 1636 Romanarum

88 1654 218 1710 manebit.
260 1655 298 1711 At
324 1655 384 1730 ejus
412 1654 489 1727 filii‚§
518 1673 570 1712 nec
593 1655 649 1711 vivi
683 1655 871 1730 probabantur

62 1761 66 1770 x
87 1731 179 1799 bonis,
194 1743 222 1790 et
234 1733 336 1792 mortui
351 1751 496 1790 numerum
511 1735 636 1790 obtinent
644 1733 707 1808 jure
721 1750 871 1791 caesorum.

118 1875 133 1906 l
150 1872 252 1926 Ratione
263 1884 305 1926 eat.
338 1877 373 1924 As
388 1891 433 1924 our
450 1877 596 1923 endeavours
614 1881 638 1922 to
654 1874 759 1936 improve
770 1887 816 1923 our
828 1875 874 1924 lor·

86 1945 157 1988 tunes
173 1957 214 1989 ere
230 1951 272 1992 not
288 1941 403 2006 designed
419 1941 518 2004 merely,
529 1939 581 1986 that
596 1940 636 1986 the
652 1955 723 1987 mone
756 1941 873 2002 acquired

87 2005 173 2054 should
189 2008 218 2054 be
234 2008 346 2065 boarded,
358 2023 384 2054 so
400 2021 444 2053 our
459 2007 605 2052 endeavours
622 2011 646 2052 to
657 1955 770 2051 cstabdish
782 2021 797 2052 a
809 2005 873 2071 good

88 2072 222 2132 reputation
231 2073 316 2121 should
327 2078 376 2129 not,
385 2069 409 2117 if
414 2083 451 2117 we
461 2085 501 2117 are
510 2068 648 2126 successful,
657 2067 723 2116 there
734 2068 873 2119 terminate.

87 2135 135 2182 We
146 2135 232 2184 should
248 2135 309 2185 avail
324 2135 444 2184 oursclves
455 2134 515 2182 with
529 2133 659 2198 judgment
668 2133 698 2182 of
709 2133 762 2182 that
776 2142 873 2197 reputa·

87 2199 145 2258 tion,
154 2207 180 2248 to
190 2200 266 2248 attein
277 2200 345 2262 other
354 2199 463 2248 valuahle
473 2199 569 2310 obpleets.

120 2264 133 2315 †
144 2262 265 2313 Proclare
273 2265 389 2313 Socrates.
417 2263 503 2326 Xenop
519 2279 558 2311 on.
567 2261 700 2312 Memorab.
708 2261 749 2310 lib.
757 2263 782 2311 it
791 2264 874 2314 Ἀλλὰ

88 2330 265 2388 συντομωτάτη
283 2349 311 2380 τι
328 2327 370 2379 nai
386 2329 562 2391 ἀσφαλεστάτη
580 2325 757 2377 urinantium
782 2325 839 2391 itte,
857 2333 874 2377 d
935 2349 936 2352 ¹

90 2394 240 2461 Κριτόβονλι,
259 2393 268 2440 i
284 2413 310 2445 τι
327 2398 353 2443 ἂν
369 2391 443 2459 βούλῃ
463 2393 538 2444 doario
554 2391 640 2458 dyadis
658 2387 723 2453 rivae,
737 2392 810 2443 τοῖτο
829 2393 874 2444 ui

89 2460 445 2580 ⁷''a‘'r⁰ii.⁶di⁰0⁰hiiff“⁶viit
455 2524 503 2572 naa
513 2526 573 2572 aar
584 2522 873 2583 mantenano.
890 2589 893 2594 Ι

87 2593 135 2642 576
147 2591 194 2638 and
205 2590 265 2645 590;
281 2590 329 2637 had
344 2587 415 2636 twice
426 2588 574 2646 triumphed;
590 2589 637 2636 and
647 2588 695 2636 had
706 2589 765 2637 been
777 2605 873 2640 censor.

120 2655 218 2715 §Filii
250 2653 383 2717 Engeging
404 2653 430 2699 in
451 2653 492 2700 the
514 2653 570 2700 civil
589 2653 735 2701 dissensione
756 2653 787 2701 ol'
808 2655 874 2704 their

88 2727 198 2782 country,
210 2719 235 2766 in
247 2717 380 2780 opposition
390 2723 415 2764 to
426 2716 466 2764 the
478 2724 567 2775 senate,
578 2718 638 2766 each
649 2717 678 2764 of
683 2717 750 2765 these
760 2709 874 2768 brotheis

88 2799 138 2831 was
154 2781 321 2838 assassinatad,
332 2787 361 2828 ut
372 2781 412 2827 the
428 2780 528 2829 interval
539 2781 569 2828 of
580 2781 609 2829 1³
625 2798 703 2844 years.
734 2783 759 2830 A
775 2782 873 2833 Freneh

87 2847 267 2905 Academicum,
279 2846 314 2896 M.
326 2846 366 2893 Du
378 2844 442 2902 Bois,
453 2845 479 2891 in
495 2861 510 2892 a
525 2852 583 2892 note·
596 2846 677 2894 which
692 2846 723 2895 he
739 2846 784 2896 hae
799 2848 875 2914 giren
