1888 3222
126 233 130 244 .
209 231 212 236 ¹
313 213 378 263 LlB.
388 211 433 262 111.
452 213 527 270 CAP.
537 171 621 264 Ν.Ὶ
781 218 840 274 21⁹

54 353 145 422 dinis,
159 366 206 415 aut
219 356 253 414 eb
266 355 312 416 his
322 357 450 434 justitie,
472 368 612 430 tamquam
627 358 840 435 sapientibus,
935 429 936 432 Ἴ

55 435 162 511 petitur
185 437 357 512 exemplum.
398 436 494 494 Nemo
516 437 714 500 enimkhorum
735 439 777 514 sio
799 456 843 494 se·

55 514 152 589 piens,
166 523 198 571 ut
210 515 366 590 sapientem
380 515 509 572 volumus
524 515 661 592 intelligi3
682 534 734 574 nee
748 517 778 583 ii,
793 515 843 589 qui

55 592 201 667 sapientes
222 593 308 651 habiti
328 603 356 651 et
375 594 521 660 nominati,
536 593 580 652 M.
596 593 668 654 Coto
681 605 710 652 et
729 594 766 652 O.
782 595 843 652 Lae·

56 669 126 738 lius,
140 670 281 747 sepientes
301 672 429 740 suerunt3
450 690 486 730 ne
500 672 542 730 illi
562 671 675 745 quidem
695 684 804 750 septem
817 675 844 730 z*

58 747 111 806 sed
125 767 163 806 ex
182 749 339 809 mediomm
359 749 516 809 officiomm
537 751 845 823 frequentinsimilitu·

57 826 157 884 dinem
184 827 334 900 quemdem
360 830 493 906 gerebant
522 830 703 906 speciemque
736 830 846 906 sapien·

58 905 142 963 tium.

93 983 243 1050 Quosirca
262 1003 314 1042 neo
334 985 372 1052 id,
386 985 462 1059 quod
480 1003 546 1043 vere
565 985 718 1046 honestum
738 995 790 1054 est,
805 985 846 1044 ies
931 1009 936 1030 =

61 1071 107 1134 est
119 1081 185 1120 oum
200 1063 324 1122 utilitatis
338 1063 535 1140 repugnantiam
548 1065 721 1140 comparari:
743 1082 797 1122 nee
807 1063 846 1130 id,

53 1141 139 1214 „quod
164 1143 351 1200 communiter
384 1141 557 1218 appellamus
585 1143 744 1210 honestum,
773 1142 849 1214 quod

64 1219 165 1276 oolitur
185 1221 219 1277 ab
240 1221 285 1287 iis,
299 1222 349 1292 qui
372 1222 460 1279 bonos
474 1238 506 1276 se
529 1220 605 1278 viros
626 1221 721 1278 heberi
741 1220 848 1288 volunt,

63 1315 129 1356 eum
158 1299 354 1357 emolumentis
381 1317 508 1371 unquam
543 1309 587 1356 est
620 1298 849 1376 comparandums

64 1375 196 1449 Tamque
210 1376 239 1434 id
253 1378 413 1445 honestum,
426 1377 501 1450 quod
515 1378 545 1436 in
558 1388 681 1436 nostram
694 1379 850 1454 intelligen-

64 1455 132 1514 tiam
147 1455 231 1523 cedit,
245 1456 380 1514 tuendum
400 1455 679 1530 conservandumque
694 1457 775 1514 nobis
796 1467 849 1526 est,

65 1553 151 1606 quem
166 1533 244 1599 illud,
260 1535 336 1606 quod
349 1535 460 1612 proprie
475 1534 575 1594 dieitur
596 1553 717 1608 vereque
737 1545 782 1594 est
800 1535 851 1592 ho·

66 1624 189 1680 nestum,
205 1613 389 1689 sapientibus.
429 1613 519 1670 Aliter
538 1615 614 1672 enim
629 1615 717 1671 teneri
731 1633 788 1672 non
803 1632 853 1692 po·

65 1701 130 1759 test,
146 1692 172 1748 si
186 1709 248 1763 quae
263 1689 297 1748 ed
311 1692 440 1749 virtutem
455 1701 499 1747 est
511 1691 582 1748 facts
596 1693 765 1767 progressio.
795 1691 853 1750 Sed

52 1769 129 1840 ,haee
149 1769 264 1842 quidem
285 1769 319 1827 tle
334 1769 380 1838 iis,
394 1769 443 1842 qui
465 1770 675 1828 conservatione
697 1769 854 1828 officiorum

67 1849 263 1906 existimantur
277 1848 353 1907 boni.

107 1927 166 1992 Qui
195 1937 287 1984 autem
314 1926 411 1985 omnis
437 1927 589 1986 metiuntur
608 1924 806 1982 emolumentis
827 1933 856 1982 et

67 2004 238 2071 commodis,
253 2023 345 2078 neque
364 2025 399 2062 ea
411 2007 509 2064 volunt
529 2003 733 2080 praepondereri
754 2002 856 2061 hones·

68 2093 135 2151 tate,
149 2083 182 2140 hi
202 2085 294 2141 solent
306 2084 335 2140 in
356 2083 534 2156 deliberando
555 2083 704 2140 honestum
723 2099 789 2138 oum
809 2099 854 2150 eo,

69 2162 147 2236 quod
167 2162 235 2220 utile
255 2171 362 2239 putant,
377 2181 558 2240 comparere:
580 2161 646 2220 boui
666 2159 718 2218 viri
739 2179 798 2220 non
811 2179 855 2218 so-

101 2353 117 2386 *
134 2352 236 2416 Septen.
267 2353 322 2402 The
332 2353 410 2402 Seven
427 2353 504 2418 Sages
515 2352 545 2401 of
558 2351 651 2401 Greeoe
661 2367 726 2402 were
742 2351 860 2410 Pittacus,

70 2416 212 2476 Periander,
221 2417 318 2477 Thales,
329 2418 409 2478 Solon,
421 2419 517 2476 Chilon,
527 2417 663 2476 Cleobulus,
677 2419 725 2468 ond
737 2417 802 2467 Bias.
818 2417 858 2464 On

71 2489 178 2531 ooeeunt
188 2482 217 2530 of
223 2483 286 2531 their
297 2490 410 2532 constent
420 2483 571 2532 observetiou
582 2483 612 2531 of
617 2484 658 2531 the
669 2481 760 2532 middle
772 2481 859 2537 derlee,

72 2548 133 2612 they
141 2548 190 2612 hod
208 2548 310 2608 arrived,
320 2564 347 2596 es
365 2549 451 2598 Cicero
461 2565 525 2614 seps,
536 2554 562 2596 to
575 2564 642 2597 some
654 2547 820 2596 resemblonoe
836 2542 866 2619 οξ

71 2613 126 2662 thot
136 2613 200 2661 ideul
212 2613 335 2662 ehnreeter
346 2613 428 2662 which
441 2613 583 2662 constitutos
600 2613 641 2662 the
652 2613 712 2662 wise
725 2623 860 2671 men-qur

73 2684 168 2740 septem
184 2679 341 2754 appellantur,
352 2694 393 2726 eos
404 2679 446 2741 qui
459 2678 506 2726 isto
517 2677 629 2726 subtilius
647 2681 766 2740 querunt,
775 2673 801 2722 in
816 2689 861 2722 uu·
891 2714 893 2724 .

73 2741 679 2874 mi¹⁰o⁸ialill⁰lpi22ll¹ilshfflh3tout.
690 2809 826 2868 ...mm
836 2807 861 2851 to

74 2873 101 2922 it
