1882 3216
72 195 109 249 98
364 187 412 235 DE
431 184 587 234 OFFlCllS.

72 334 173 392 vehet?
213 329 300 388 Domi
314 331 398 388 etiem
412 327 597 386 contumelias
620 342 767 382 servorum
781 323 866 384 ancil-

73 413 217 483 larumque
231 410 354 484 pertulit,
368 419 400 464 ut
413 406 489 464 adid
503 405 664 477 aliquando,
681 403 758 475 quod
773 405 867 480 cupie-

73 493 128 557 bat,
140 489 256 546 veniret.
297 488 425 563 AtAjax,
438 504 493 557 quo
506 485 599 542 animo
614 483 739 549 traditur,
757 483 868 540 milies*

75 577 207 645 oppetere
229 575 348 624 mortem
373 566 477 642 potius,
500 583 585 636 quam
606 563 653 620 illa
677 563 789 638 perpeti
812 580 868 638 me·

73 646 196 708 luisset.†

73 882 206 958 experiri,
226 899 309 953 quam
324 898 354 936 se
369 880 460 937 aliena
481 878 606 935 deceant.
645 877 679 934 Id
700 877 777 932 enim
791 895 870 932 max-

74 961 130 1018 ime
156 979 295 1032 quemque
316 957 405 1026 decet,
427 957 502 1029 quod
521 967 565 1013 est
583 957 718 1032 cujusque
744 955 869 1010 maxime

75 1058 168 1126 suum.
210 1040 298 1096 Suum
325 1037 443 1109 quisque
468 1036 553 1112 igitur
583 1044 681 1091 noscat
710 1033 868 1108 ingenium,

77 1136 225 1190 acremque
237 1136 268 1174 se
283 1126 311 1174 et
323 1117 511 1180 bonorumet
524 1113 655 1170 vitiorum
668 1129 783 1169 suorum
793 1110 870 1186 judi·
922 1169 925 1179 ,

14 1255 18 1262 ,
75 1213 138 1254 cem
152 1198 281 1272 praebeat,
296 1213 325 1250 re
340 1193 445 1249 scenici
458 1193 533 1268 plus,
548 1209 631 1262 quam
646 1209 708 1255 nos,
723 1187 871 1246 videantur

17 1263 22 1277 ¹
76 1274 177 1331 habere
189 1273 352 1349 prudentie.
381 1271 426 1327 llli
440 1271 516 1326 enim
529 1287 585 1326 non
603 1269 733 1344 optimae,
749 1267 800 1324 sed
815 1269 869 1325 sibi

76 1349 381 1408 accommodatissimas
410 1348 515 1405 fabulas
551 1347 666 1424 eligunt.
714 1346 771 1411 Qui
798 1365 869 1403 voce

76 1429 138 1485 freti
166 1437 239 1494 sunt,
265 1427 442 1500 Epigonosss
474 1426 665 1498 Medumque:
694 1425 742 1496 qui
776 1435 868 1499 gestu,

78 1505 282 1580 Menalippam,
304 1503 565 1577 Clytaemnestram:
588 1522 700 1578 semper
724 1503 869 1577 Rupilius,

78 1602 161 1655 quem
174 1601 226 1658 ego
239 1581 365 1649 memini,
380 1582 549 1658 Antiopem;
565 1600 621 1639 non
633 1599 708 1656 saepe
721 1579 869 1657 AEsopus§

110 1739 226 1788 *Milies
260 1739 304 1788 See
316 1745 372 1788 note
384 1755 410 1788 11.
421 1739 460 1787 21.

114 725 184 790 Quae
204 722 424 798 contemplantes
447 693 607 797 expendere
627 691 776 796 oportebit,
802 717 870 790 qnid
932 737 933 758 ³

74 803 193 876 quisque
224 803 324 860 habeat
342 801 402 866 sui;
424 819 512 873 enque
543 799 690 864 moderari,
712 815 766 853 nec
796 797 874 854 velle·
932 797 933 810 ³

80 1859 81 1862 ,
109 1807 121 1857 †
133 1804 386 1854 Potius-maluisset.
418 1804 481 1854 This
491 1804 556 1861 verb,
568 1803 616 1850 and
627 1802 722 1860 adverb,
732 1819 774 1850 ere
786 1802 871 1868 joined
932 1825 933 1828 ¹

78 1870 110 1935 by
120 1871 207 1920 Cicero
227 1871 253 1919 in
271 1872 340 1920 other
355 1870 483 1920 instances.
516 1868 565 1916 “Se
580 1869 611 1916 ab
627 1868 739 1916 omnibus
754 1869 871 1926 desertos,
932 1905 933 1932 p

77 1937 241 2000 potiusquam
253 1954 268 1985 e
276 1941 300 1984 te
313 1935 424 1984 defensos
437 1950 490 1982 esse
501 1933 618 1981 malunt.”
634 1933 716 1981 Geecil.
726 1933 748 1981 6.
770 1939 784 1962 “
794 1933 871 1982 Idcir-
932 1939 933 1988 ἰ

77 2018 107 2049 co
119 2019 203 2051 essum
214 2002 378 2064 potiusquam
394 2007 417 2049 te
428 1999 521 2048 laudnri
539 1999 637 2047 mavis.”
656 1997 700 2060 Ep.
716 2015 753 2046 xv.
767 1998 870 2047 5.-Po·

77 2067 127 2114 tius
138 2067 160 2114 is
172 2067 223 2114 eleo
231 2066 306 2114 found
315 2065 397 2128 joined
408 2072 434 2113 to
445 2082 460 2113 a
471 2064 639 2126 comparative.
672 2069 686 2092 “
693 2062 794 2119 Quaevis
811 2062 872 2128 fuge

78 2132 157 2190 potius
176 2131 301 2192 optatior.”
334 2130 383 2177 Pis.
396 2129 433 2177 14.
445 2146 472 2178 es
484 2131 577 2192 μᾶλλον
590 2129 611 2176 is
627 2128 654 2175 in
665 2128 753 2176 Greek.
788 2127 870 2189 Fisch

78 2195 207 2242 Animadv.
218 2195 243 2240 ii.
256 2194 308 2242 138.

113 2258 124 2309 l
136 2259 268 2322 Epigonos.
301 2257 467 2323 'I'histregedy
479 2258 619 2326 ofhhccius
628 2257 742 2306 received
753 2257 785 2306 its
797 2274 871 2307 name

78 2323 141 2372 from
152 2323 193 2370 the
206 2323 336 2385 'Entyivoq
354 2339 381 2372 or
401 2323 560 2372 descendants
571 2325 601 2372 of
611 2323 679 2372 those
691 2323 746 2371 who
757 2323 872 2383 perished

79 2392 105 2435 nt
115 2386 219 2446 Thebes,
227 2388 289 2437 with
307 2387 442 2452 Polynices,
454 2389 494 2436 the
506 2405 550 2435 son
561 2389 591 2437 of
601 2388 713 2454 OEdipus.
745 2387 802 2436 The
818 2387 871 2436 Me·

79 2452 125 2501 dus
136 2452 157 2499 is
169 2455 287 2513 supposed
299 2460 323 2501 to
334 2455 395 2501 have
405 2454 465 2500 been
477 2469 492 2500 a
503 2455 605 2517 tragedy
616 2453 646 2501 of
657 2451 792 2509 Pacuvium
818 2452 872 2501 Me·

79 2517 176 2579 nelippa
187 2518 234 2565 end
244 2519 430 2582 Clytemnestra,
442 2517 471 2565 of
482 2518 580 2566 Accius.
613 2519 675 2566 Both
688 2516 810 2566 Peeuvius
822 2518 871 2566 and

79 2582 164 2631 Livius
175 2583 331 2631 Andronicus
348 2590 423 2631 wrote
440 2583 561 2647 megedies
574 2584 650 2632 under
661 2583 702 2631 the
712 2582 765 2631 title
777 2582 808 2631 of
819 2584 871 2632 An·

79 2647 151 2712 tippe.
184 2647 238 2696 The
250 2648 348 2696 heroine
360 2647 389 2695 of
400 2647 449 2696 this
460 2649 527 2711 piece
539 2665 590 2696 wes
601 2665 634 2696 en
645 2649 763 2706 Amazon,
774 2663 803 2696 us
814 2648 871 2698 well

80 2727 107 2758 es
119 2712 265 2774 Menalippa.

112 2774 250 2840 bAEecpus.
283 2775 394 2841 Atregic
403 2783 469 2824 ector
479 2777 505 2824 in
514 2773 574 2840 high
583 2777 729 2836 estimation,
739 2776 796 2826 who
806 2777 872 2828 lived
932 2813 933 2834 ,

81 2836 103 2856 ²‘·
118 2843 193 2888 terms
204 2841 234 2889 of
244 2840 362 2904 intimacy
374 2840 434 2925 with
444 2841 530 2890 Cicero
540 2841 645 2890 himself.
679 2841 725 2906 Ep.
735 2842 776 2892 vii.
789 2843 811 2891 l.
