1896 3220
74 169 112 224 22
359 168 405 217 DE
422 165 572 218 ot't‘tctts.

75 310 163 367 nostri
178 315 283 385 partem
298 309 386 384 patrie
398 307 644 383 vindicationem
657 307 759 374 amicir
773 315 858 380 etque

74 398 106 444 ut
119 387 209 462 placet
236 387 368 454 Stoicis,l
393 405 454 458 quae
482 389 510 446 in
536 387 615 446 terrie
639 386 800 462 gignuntur,
822 387 859 448 ad

74 484 158 522 usum
183 465 329 524 hominum
350 466 445 524 omnia
471 465 575 532 oreari3
610 464 740 522 homines
763 475 858 525 sutem

75 544 222 602 hominum
247 563 347 602 caussa
360 563 423 602 esse
444 555 598 620 generatos,
613 553 644 600 ut
663 543 718 616 ipsi
739 543 859 610 interae

75 622 137 678 eliis
153 623 199 679 alil
214 621 348 699 prodesse
364 633 494 698 possentt
516 623 545 679 in
560 623 614 680 lroc
629 629 753 678 naturam
774 621 858 683 debc-

39 748 47 777 ,
74 717 138 758 mue
153 700 253 760 ducem
265 703 357 774 sequi,
371 719 535 760 communes
546 701 677 760 utilitates
690 699 718 757 in
731 700 857 760 medium

33 808 36 821 ‹
74 777 182 848 afferre,
197 780 349 839 mutatione
365 779 547 846 officiomm‚†
560 778 661 845 dando,
680 778 857 852 accipiundo.

74 866 134 915 tum
148 859 261 926 artibus,
282 867 341 916 tum
363 877 458 934 opera,
472 870 539 920 ¹tum
560 857 745 923 facultatibus,
759 856 858 920 derin-

73 935 130 995 cire
145 935 292 996 hominum
306 937 378 996 inter
391 937 521 996 homines
535 937 707 996 societatem.
747 935 861 996 Funde

73 1026 198 1072 mentum
213 1026 257 1073 est
276 1025 368 1076 autem
384 1015 501 1093 justitie
521 1014 602 1082 rides,
614 1013 643 1072 id
662 1022 706 1072 est
720 1011 863 1074 dictorum⁴

72 1104 329 1167 conventorumque
350 1095 506 1152 constantia
524 1103 554 1152 et
573 1093 685 1153 veritae·
725 1091 774 1153 Ex
787 1111 857 1164 quo,

73 1190 242 1246 quamquam
256 1174 311 1231 hoc
324 1173 463 1230 videbitur
475 1172 592 1231 fortasse
612 1170 735 1246 cuipiam
749 1170 863 1238 durium·

73 1260 165 1308 tamen
177 1251 327 1307 audeamus
342 1251 444 1306 imitari
465 1249 586 1315 Stoicos,
602 1249 650 1321 qui
670 1249 794 1306 studiose
810 1267 860 1307 ex·

72 1329 195 1398 quirunt,
208 1328 282 1384 unde
294 1329 378 1384 verba
389 1328 445 1384 sint
455 1326 554 1395 duota;
570 1326 781 1401 credamusque,
791 1329 863 1400 quia,

72 1405 114 1471 fir,
127 1403 200 1476 quod
221 1405 326 1462 dietum
342 1415 394 1472 est,
407 1395 575 1482 'appellatam
590 1405 701 1480 fidem.‡
741 1405 797 1464 Sed
815 1407 858 1466 in·

67 1483 183 1558 justitiae
198 1500 300 1559 genera
314 1483 369 1541 duo
383 1497 465 1542 eunt:
487 1503 576 1542 unum
596 1503 703 1552 eorum,
718 1484 858 1558 quidnfe-

71 1574 153 1627 runt3
174 1563 291 1622 alterum
305 1581 413 1630 eorum,
435 1563 483 1636 qui
498 1564 531 1620 ab
547 1565 592 1630 iis,
606 1565 708 1635 quibus
730 1563 856 1631 infertur,

71 1639 97 1696 si
111 1652 240 1716 possunt,
259 1660 315 1700 noo
335 1641 500 1720 propulsent
517 1642 674 1720 injuriam.§
716 1641 791 1700 Nam
806 1642 856 1715 qui

68 1865 70 1870 ,
101 1815 117 1845 *
129 1813 157 1862 Ut
161 1813 240 1876 placet
253 1814 342 1866 Stoicis⁸
359 1817 387 1863 ln
399 1818 541 1878 particular,
554 1816 714 1876 Chrysippus.
741 1815 803 1864 Vide
814 1815 854 1866 De

70 1877 126 1924 Fin.
138 1879 179 1926 lib.
189 1895 227 1929 ιιι.
238 1895 259 1926 e.
269 1883 308 1928 20.
320 1882 368 1928 end
378 1881 455 1928 DeN.
468 1881 585 1938 Deorum,
598 1881 631 1925 lib
653 1895 681 1926 rr.
690 1895 711 1926 c.
723 1881 762 1926 62.
780 1881 854 1928 some

70 1942 163 1997 editors
175 1959 287 2006 expunge
299 1954 334 2004 ut,
345 1960 376 1990 on
386 1952 492 1992 account
503 1947 531 1990 of
540 1945 581 1990 tlre
590 1944 719 1990 infinitives
729 1943 855 2005 following

66 2007 154 2068 placet.
188 2009 296 2058 scheller
318 2009 400 2055 thinks
419 2007 496 2054 creari
518 2008 604 2068 should
627 2009 657 2054 be
679 2009 806 2056 corrected
828 2016 857 2053 to

69 2075 149 2122 orento
160 2075 224 2129 runt,
232 2070 275 2132 dee.
308 2071 409 2128 Pearce,
422 2073 540 2134 foretque
553 2073 624 2121 reads
636 2077 789 2134 constatque:
805 2071 857 2120 Oli·

70 2142 118 2194 vet,
131 2134 255 2196 following
276 2134 420 2190 Lambinus,
437 2137 508 2182 reads
525 2139 595 2196 atque
614 2133 649 2182 ito
668 2136 755 2198 ploret.
788 2135 856 2184 Heu·

70 2211 154 2256 monn,
166 2203 238 2260 ratque
246 2197 333 2258 placet.
366 2197 405 2242 No
418 2197 471 2245 MS.
484 2198 601 2244 hasbeen
619 2199 727 2246 referred
747 2206 781 2255 to,
793 2213 855 2245 vver-

70 2262 170 2322 rnnring
187 2276 234 2320 noy
247 2261 276 2310 of
284 2261 352 2314 these
364 2260 492 2320 readings:
512 2260 552 2308 the
565 2271 664 2320 present
680 2264 701 2309 is
720 2263 855 2312 confirmed

70 2325 100 2385 by
114 2339 146 2373 un
163 2331 259 2370 extract
270 2325 332 2370 from
345 2324 386 2370 the
401 2325 532 2372 'venerable
549 2325 625 2384 Rode,
636 2328 691 2374 who
703 2327 752 2374 had
764 2326 856 2386 quoted

70 2388 89 2437 it
101 2389 125 2434 in
138 2389 178 2432 the
190 2403 258 2440 sume
270 2395 354 2434 ternis.
523 2415 524 2420 =

102 2455 112 2504 l
124 2451 257 2498 Matutinus
270 2449 409 2512 rrfficmrum.
442 2450 477 2510 By
490 2450 626 2510 reciprocal
638 2455 704 2515 good
714 2453 805 2500 officee.

101 2516 112 2572 t
123 2513 215 2562 Fidem.
225 2515 261 2574 By
272 2516 337 2560 wirot
346 2529 444 2574 process
447 2513 512 2578 fides
520 2517 578 2562 used
589 2515 612 2560 in
626 2517 655 2564 its
665 2528 764 2576 present
776 2530 859 2576 sentes

69 2593 116 2624 can
129 2580 158 2624 be
171 2579 265 2624 formed
277 2579 338 2622 from
350 2593 398 2637 aoy
410 2579 492 2624 verbal
504 2579 603 2626 derived
613 2581 674 2626 from
677 2577 724 2644 fio,
737 2581 754 2626 it
766 2581 785 2626 is
795 2579 858 2628 diffi-

70 2643 121 2687 cult
133 2649 159 2688 to
170 2642 259 2688 divine.
292 2641 344 2688 The
362 2643 479 2702 ordinary
492 2642 591 2702 opinion
604 2644 624 2690 'u
637 2644 707 2690 much
722 2657 789 2694 more
802 2659 858 2702 pro-

70 2705 141 2751 beble
152 2703 274 2770 tlrarsrder
286 2703 305 2750 io
317 2705 416 2752 derived
431 2707 493 2754 from
510 2722 525 2752 a
536 2722 602 2754 noun
614 2708 644 2752 of
651 2706 744 2752 similar
756 2707 858 2768 import,

71 2767 165 2815 formed
178 2770 241 2814 from
253 2765 326 2816 ortt·
338 2784 345 2826 3
357 2784 385 2819 tte
395 2769 483 2821 wiern
495 2772 588 2820 AEolice
598 2768 694 2820 oleret.

106 2827 115 2848 ‘
137 2831 372 2896 Unum-injuriam.
404 2835 544 2896 According
564 2843 590 2882 to
610 2836 651 2882 tlre
663 2833 818 2882 distribution
830 2836 862 2882 of
