1890 3224
90 143 149 198 aaa
276 109 287 124 “
382 137 430 186 na
445 134 600 188 orrrcns.
925 133 931 244 p

91 302 143 360 per
155 299 187 340 se
201 282 264 358 ipsa
277 277 410 356 fugienda
422 297 487 337 esse
501 276 666 338 concedant.
708 273 769 334 Sed
778 275 839 353 jam
849 271 885 331 ad
927 245 931 364 l

90 361 268 439 propositum
282 368 461 416 revertamur.
632 359 640 374 ⁸
663 373 670 380 ·
930 383 931 394 κ

54 522 57 528 ¹
93 551 181 610 ΟΑΡ.
202 549 240 607 Χ.
286 545 342 605 Ubi
363 547 441 606 deest
465 546 602 606 honestos
632 545 676 604 ibi
696 543 815 604 nullam
829 562 885 603 ease
931 595 932 598 ,

130 627 300 687 utilitatem.
344 625 488 684 Omnibus
503 625 598 693 rebar,
614 631 732 703 excepta
748 623 884 707 justitia,

132 705 298 766 amicitiam
312 703 544 784 anteponendam
558 720 629 762 erae.
932 720 933 794 q

131 849 279 908 Incrnonr
299 849 393 906 multa
413 865 489 923 saepe
509 865 628 914 eaussae,
643 862 706 918 quae
720 847 889 904 conturbent

93 930 203 987 animos
215 928 340 986 utilitatis
352 926 466 1002 specie3
481 944 549 990 non,
564 943 629 982 oum
641 924 696 981 hoc
708 923 888 992 deliberetur,

18 1023 25 1032 ·
93 1006 312 1079 relinquendane
333 1005 370 1062 sit
390 1005 523 1062 honestas
540 1013 655 1079 propter
667 1003 798 1060 utilitatis
814 1021 890 1078 mag·
933 1014 934 1064 l

41 1097 49 1110 “
94 1086 252 1144 nitudinem
277 1083 354 1162 (narn
378 1082 408 1140 id
432 1081 545 1154 quidem
569 1081 732 1157 improbum
757 1079 815 1160 est)
839 1079 891 1138 sed

94 1164 173 1229 illud,
195 1164 321 1238 possitne
343 1160 381 1227 id,
397 1160 474 1233 quod
496 1159 565 1217 utile
590 1159 727 1226 videatur,
743 1160 808 1218 lieri
832 1178 888 1218 non

94 1242 221 1320 turpiter.
262 1241 339 1298 Cum
368 1238 528 1299 Collatino*
555 1238 669 1314 collegae
701 1237 809 1296 Brutus
839 1239 888 1295 im·

115 1321 205 1377 erium
231 1319 387 1394 abrogabat,
412 1326 521 1391 poterat
544 1316 633 1373 videri
656 1315 748 1373 lacere
774 1317 887 1394 injuste.
934 1308 935 1342 ³

94 1339 197 1455 haeret
218 1397 293 1452 enim
314 1396 346 1451 in
359 1395 471 1469 regibus
486 1394 671 1470 expellendis,
686 1396 785 1453 socius
800 1395 889 1462 Bruti,

94 1473 277 1533 consiliorum
301 1483 330 1529 et
354 1471 472 1547 adjutor.
515 1473 591 1529 Cum
617 1474 890 1531 antem'oonsilium

94 1552 149 1611 hoc
176 1550 319 1626 principes
347 1549 501 1625 cepissent,
530 1553 727 1628 cognationem
756 1552 890 1628 Superbi,
935 1609 936 1616 ,

94 1647 254 1701 nomenque
269 1628 489 1701 Tarquiniorum
503 1640 532 1687 et
545 1630 709 1687 memoriam
724 1632 808 1706 regni
828 1648 892 1688 esse

95 1707 262 1765 tollendam:
291 1707 367 1780 quod
387 1717 445 1764 erat
463 1709 542 1774 utile,
564 1709 659 1784 patriae
679 1709 842 1777 considere,
865 1708 893 1765 id

94 1796 153 1844 erat
166 1787 205 1844 ita
218 1787 378 1854 honestum,
392 1796 424 1843 ut
437 1787 520 1844 etiam
543 1787 599 1862 ipsi
614 1786 757 1844 Collatino
779 1788 893 1862 plaeere

96 1865 217 1924 deberet.
257 1865 355 1938 Itaque
367 1865 469 1949 utilitas
482 1865 568 1922 valuit
579 1876 693 1942 propter
701 1866 894 1934 honestatem,

94 1946 158 2005 sine
172 1964 228 2019 qua
240 1963 276 2004 ne
290 1946 394 2002 utilitas
410 1943 524 2015 quidem
539 1963 603 2001 esse
618 1944 766 2021 potuisset.

386 2178 552 2230 CHAPTER
567 2179 597 2228 X.

127 2309 141 2340 ⁴
160 2305 288 2356 Collatino.
320 2307 375 2358 The
391 2309 502 2359 husband
518 2309 548 2357 of
559 2309 681 2368 Lucretia,
697 2307 727 2358 L.
737 2308 894 2373 Tarquinius

93 2371 238 2430 Collatinus,
248 2388 300 2420 was
317 2375 441 2438 grandson
452 2376 482 2436 of
493 2375 577 2423 Aruns
587 2374 685 2422 broiher
697 2374 727 2422 of
737 2374 895 2438 Tarquinius

95 2436 201 2485 Priscus.
233 2436 287 2485 Lir.
299 2438 314 2485 i.
326 2438 357 2486 46
369 2441 418 2488 and
428 2441 466 2488 57.
499 2439 606 2504 Though
622 2440 661 2487 his
678 2440 895 2489 exertionsinthe

95 2500 222 2564 expulsioni
239 2501 268 2550 of
283 2502 324 2550 the
341 2503 464 2567 Tarquinis
480 2504 528 2553 had
546 2506 606 2553 been
624 2504 720 2569 equally
736 2505 895 2556 meritorious

95 2567 156 2615 with
172 2566 241 2615 those
252 2567 282 2615 of
293 2568 392 2626 Brutus,
403 2569 464 2617 with
474 2569 556 2617 whom
572 2570 603 2618 he
619 2570 668 2618 bad
684 2570 746 2618 been
762 2570 848 2620 united
865 2572 895 2620 in

95 2631 137 2679 the
153 2631 207 2679 first
222 2633 354 2688 consulate,
370 2638 413 2694 yet
429 2633 565 2694 suspicions
581 2651 657 2692 arose,
673 2633 781 2684 founded
796 2631 894 2700 merely

95 2709 128 2741 on
145 2694 184 2743 his
203 2696 338 2744 connexion
353 2695 413 2743 with
431 2697 472 2754 the
490 2697 569 2745 exiled
586 2698 687 2762 famil53
704 2715 720 2747 a
739 2699 787 2748 law
804 2702 894 2763 paoeed

95 2757 222 2822 depriving
232 2760 285 2808 him
296 2761 326 2809 of
331 2759 370 2806 his
381 2760 461 2816 offlam
476 2761 524 2808 and
536 2761 567 2810 he
576 2779 629 2822 was
638 2763 723 2812 driven
732 2762 786 2812 into
793 2765 893 2814 bantan-

96 2827 164 2868 ment
174 2822 234 2871 with
246 2824 287 2872 the
298 2825 366 2873 other
377 2823 491 2873 relations
502 2824 532 2872 of
538 2826 579 2874 the
590 2827 702 2889 Tarquin
713 2827 808 2892 fumily.
