1882 3216
332 109 424 202 minu
440 151 515 200 caer.
525 149 613 200 xxix.
824 154 861 210 so

65 313 179 365 eorum,
195 294 245 368 qui
258 303 305 351 ant
316 295 433 354 libidine
447 294 548 368 aliqua,
561 302 608 351 aut
626 301 703 352 metu
726 294 860 352 commoti

65 386 143 444 sunt,
160 386 208 432 ant
231 373 372 449 voluptate
392 374 480 431 nimia
499 373 636 450 gestiunt:
662 391 781 446 quorum
801 390 861 430 om·

63 455 145 512 nium
165 454 270 520 vultus,
285 471 380 518 voees,
395 466 501 518 motus,
514 463 656 524 statusque
671 461 819 508 mutantur.

106 533 157 591 Ex
173 533 273 605 quiqus
288 531 356 589 illud
371 532 532 607 intelligitur
545 529 587 608 (ut
598 531 631 587 nd
644 531 731 588 officii
741 530 860 588 sormam

66 607 252 686 revertamur)
268 611 408 685 appetitus
430 628 528 667 omues
542 609 746 666 contrahendos
762 609 860 666 seden-

67 689 178 761 doeque
198 707 272 755 esse,
287 689 519 760 excitandamque
538 687 810 752 animadversionem
832 697 861 744 et

68 766 254 844 diligentiam,
269 776 300 823 ut
320 786 355 824 ne
377 768 444 839 quid
459 778 563 824 temere
578 785 609 822 ae
624 767 748 832 fortuitu,
763 767 860 824 incon·

67 845 188 903 siderate
202 845 431 921 negligenterque
446 864 573 922 agamur.
615 846 717 918 Neque
732 845 808 902 enim
822 845 861 902 ita
927 855 928 860 ’

68 925 192 1000 generati
207 944 224 980 a
237 936 334 981 natura
347 943 457 989 sumus,
472 933 504 981 ut
516 923 551 980 ad
565 923 661 980 ludum
675 935 703 980 et
717 923 750 979 ad
760 923 859 999 jocum

68 1003 131 1060 lacti
152 1004 218 1060 esse'
232 1001 394 1060 videamur:
418 1002 453 1059 nd
474 1002 649 1059 severitatem
664 1002 769 1076 potius,
784 1012 813 1058 et
826 1001 860 1058 ad

68 1081 197 1154 qnaedam
225 1079 317 1138 studia
343 1081 472 1158 graviora
505 1090 587 1150 ¹atque
606 1081 738 1156 majora.
778 1077 860 1140 Ludo
927 1107 928 1110 ¹

68 1169 161 1218 antem
184 1169 212 1217 et
232 1160 299 1235 joco
323 1161 364 1217 uti
387 1160 436 1216 illo
462 1158 575 1230 quidem
599 1158 683 1214 licet:
702 1155 764 1213 'sed
788 1157 861 1214 sieut

68 1257 169 1298 somno
195 1248 223 1296 et
247 1238 388 1310 quietibus
415 1237 526 1305 ceteris,
548 1245 618 1302 tum,
640 1253 705 1293 eum
729 1235 860 1312 gravibus

68 1319 206 1388 seriisque
225 1318 308 1374 rebus
332 1315 561 1374 satisfecerimus.
603 1317 756 1391 Ipsumque
771 1332 859 1391 genus

66 1396 181 1472 jocandi
214 1415 272 1452 non
305 1395 463 1472 profusum,
491 1413 544 1452 nee
572 1391 781 1462 immodestum,
809 1391 859 1450 ned

69 1475 224 1552 ingenuum
255 1483 283 1530 et
319 1475 440 1531 facetum
475 1491 539 1530 esse
573 1471 665 1530 debet.
708 1473 749 1530 Ut
781 1473 859 1530 enim

69 1553 163 1629 pueris
187 1571 244 1610 nou
265 1571 378 1610 omnem
399 1551 513 1610 ludendi
528 1547 670 1610 licentiam
684 1551 793 1618 damus,
808 1550 859 1606 sed

70 1649 141 1700 eam,
157 1649 220 1705 quae
242 1633 275 1689 ab
298 1631 424 1688 honestis
447 1631 603 1688 actionibus
627 1649 683 1687 non
698 1631 735 1687 sit
749 1630 856 1688 aliene:

71 1710 110 1846 spo
138 1711 168 1768 in
197 1709 260 1786 ipso
283 1710 351 1786 joco
379 1708 492 1782 aliquod
519 1709 600 1784 probi
627 1709 734 1786 ingenii
762 1707 858 1766 lumen

70 1798 186 1846 euceat.
213 1837 217 1846 .
749 1819 755 1828 ι

107 1867 226 1943 Duplex
259 1867 375 1926 omnino
409 1875 453 1922 est
481 1863 598 1941 jocandi
631 1856 736 1939 genus:
770 1881 858 1921 unum

72 1945 214 2012 illiberale,
242 1946 379 2022 petulans,
405 1943 786 2020 flegitiosum,·obsoenum;
822 1942 859 1998 al-

72 2033 161 2082 terum
187 2024 312 2100 elegans,
339 2025 486 2090 urbanum,
513 2021 702 2098 ingeniosum,
728 2019 858 2077 facetum.

74 2102 135 2170 Quo
160 2122 263 2181 genere
288 2121 343 2162 noo
369 2101 455 2160 modo
482 2101 598 2159 Plautus
620 2111 726 2166 noster,
741 2108 769 2156 et
791 2099 860 2156 Atti·

74 2199 169 2240 comm
196 2183 309 2254 antiqua
342 2181 509 2248 eomoediafl‘
537 2179 588 2237 sed
612 2179 697 2237 etiarn
732 2177 859 2255 philoso-

74 2260 191 2334 phorum
208 2261 414 2318 Socraticorum
429 2260 493 2317 libri
507 2259 601 2316 referti
616 2268 696 2316 eunt:
713 2258 859 2330 multaque

84 2339 234 2398 multorum
261 2338 350 2396 facete
383 2338 474 2407 diete3
509 2346 542 2396 ut
572 2355 615 2405 ea,
642 2356 704 2409 quae
740 2356 756 2394 a
789 2355 858 2395 sene

104 2516 118 2548 θ
129 2513 239 2578 Antiqua
249 2512 368 2562 emnoediu.
401 2511 492 2578 Living
500 2511 638 2561 characters
646 2527 710 2561 were
719 2509 861 2562 introduced

75 2579 119 2628 eud
127 2579 270 2642 burlesqned
278 2596 310 2627 on
319 2580 359 2627 the
369 2585 437 2643 stege
445 2580 477 2642 by
484 2579 551 2627 these
559 2578 628 2642 early
634 2578 736 2626 writers.
768 2575 806 2622 Of
812 2575 860 2622 this

76 2642 224 2708 demripbon,
234 2645 276 2693 the
291 2643 412 2692 eomedies
423 2643 453 2692 of
463 2643 638 2705 Aristophanes
649 2643 718 2691 alone
729 2643 788 2690 have
800 2640 860 2685 been

76 2711 204 2768 preserved.
236 2709 276 2758 To
287 2709 368 2758 which
385 2709 447 2757 class
459 2708 488 2756 of
498 2709 605 2756 Cicero's
621 2706 724 2770 epitheta
736 2719 773 2750 we
781 2701 860 2764 ought

77 2777 99 2821 lo
116 2783 192 2826 reeort
210 2781 236 2823 to
256 2773 416 2823 characterize
436 2773 511 2830 these,
527 2788 603 2836 many
622 2784 722 2834 persons
741 2766 801 2813 have
821 2779 861 2811 ex.

78 2842 169 2892 used
179 2855 212 2890 an
223 2839 322 2904 opinion
333 2838 440 2902 opposite
451 2843 476 2886 to
487 2836 533 2886 his.

469 2905 509 2958 gn
