1882 3216
103 170 142 228 74
380 161 429 212 oa
446 158 599 211 osricus.
631 177 633 181 ·

105 319 159 377 est,
173 317 203 365 ut
213 303 339 363 imbelles
352 303 497 378 timidique
514 301 668 358 videamur.
710 300 768 358 Sed
780 299 893 378 bagien-

105 387 172 446 dum
194 384 279 441 etiarn
292 382 369 449 illud,
385 400 420 438 ne
435 380 584 437 offeramus
607 397 659 435 nos
679 378 813 454 periculis
829 378 892 436 sine

106 479 222 527 caussas
243 478 299 531 quo
313 479 376 516 esse
390 459 460 516 nibil
475 467 567 533 potest
580 457 700 514 stultius.
742 457 891 532 Quaprop·

105 552 147 599 ter
161 541 189 596 in
204 538 337 596 adeundis
352 536 482 612 periculis
497 534 669 592 consuetudo
685 535 820 592 imitanda
835 553 891 591 rne-

105 618 229 676 dicorum
245 626 297 682 est,
313 618 360 686 qui
374 615 473 672 leviter
483 625 646 688 egrotantes
661 613 760 670 leniter
774 623 889 670 emant:

105 695 276 772 gravioribus
289 705 380 749 autem
395 691 499 748 morbis
512 692 682 766 periculosas
692 693 849 750 curationes
863 698 892 747 et

106 773 241 847 ancipites
256 771 385 828 adhibere
409 783 554 844 coguntur.
596 769 699 835 Quare,
714 770 743 826 in
758 769 892 842 tranquil·

104 851 144 917 lo,
160 862 351 926 tempestatem
373 847 516 905 adversam
538 857 643 923 optare,
668 847 806 904 dementis
830 859 890 913 est;

107 929 255 986 subvenire
270 940 361 984 autem
376 925 532 1002 tempestati
543 929 641 998 quavis
653 927 770 992 ratione,
780 926 892 1000 sapien·

105 1007 158 1065 tis:
180 1025 270 1079 eoque
283 1007 383 1081 magis,
398 1006 423 1061 si
439 1005 501 1079 plus
519 1002 682 1078 adipiscare,
699 1021 727 1059 re
743 1003 889 1079 explicata,

105 1083 183 1151 boni,
196 1103 277 1156 quarn
285 1083 450 1149 addubitata,
459 1081 552 1138 mali*
570 1081 739 1138 Periculosae
748 1092 841 1138 autem
850 1099 905 1137 re·.

105 1183 168 1222 rurn
175 1164 298 1219 actiones
308 1162 406 1236 partim
417 1161 450 1215 iis
458 1168 532 1225 sunt,
542 1159 589 1230 qui
599 1177 645 1214 eas
653 1159 757 1234 suscipi
762 1168 821 1226 unt,
832 1177 892 1235 par·

107 1242 157 1298 tim
172 1240 213 1296 rei
227 1238 355 1315 publicae.
394 1237 521 1308 Itemque
536 1237 582 1292 alii
597 1235 707 1301 devita,
723 1236 770 1293 alii
786 1236 820 1293 de
835 1237 892 1312 glo·

105 1319 148 1374 ria
161 1327 189 1372 et
202 1314 401 1371 benevolentia
413 1315 517 1372 civium
532 1315 560 1370 in
582 1313 734 1370 discrimen
747 1327 890 1371 vocantur.

106 1391 278 1451 Promtiores
293 1391 378 1466 igitur¹
390 1389 523 1446 debemus
539 1391 616 1452 essel
630 1391 664 1448 ad
676 1403 770 1448 nostra
784 1393 892 1468 perieu-

106 1469 143 1535 la,
157 1485 241 1539 quam
256 1467 290 1525 ad
305 1468 474 1530 eommunia,
490 1466 676 1542 dimicareque
691 1471 830 1544 paratiusss
856 1469 891 1528 de

107 1546 214 1605 honore
228 1555 256 1600 et
269 1544 365 1620 gloria,
381 1541 464 1616 quarn
479 1543 513 1601 de
527 1548 626 1619 ceteris
643 1548 812 1606 commodis.

145 1622 254 1681 Inventi
277 1633 368 1680 autem
382 1622 550 1690 multisunt,
565 1625 613 1696 qui
627 1643 685 1682 non
696 1617 791 1684 'inodo
808 1643 891 1703 pecu·

138 1779 152 1811 t
164 1775 194 1825 si
200 1775 366 1842 plus-moli:
377 1777 403 1841 if
414 1779 556 1842 youreceise
566 1793 630 1827 more
642 1777 764 1844 besefitby
774 1782 888 1830 termim-
935 1799 936 1808 ¹

104 1841 160 1908 ling
170 1841 207 1890 tlte
221 1839 300 1904 affair,
314 1842 435 1901 thanasii,
447 1841 600 1907 bybrt'ngt'ng
610 1846 630 1891 s't
641 1845 691 1892 into
702 1843 803 1893 hasard.
836 1844 890 1894 The
935 1859 936 1870 ²

105 1923 148 1957 nse
167 1908 196 1956 of
206 1908 333 1973 explicare,
344 1908 370 1955 in
381 1909 422 1956 the
434 1923 503 1955 sense
522 1907 552 1954 of
566 1908 720 1973 completing‚
737 1909 890 1985 liquidsb'np,
935 1947 936 1952 ,

96 1972 269 2037 terminatio&
280 1974 302 2021 is
313 1980 355 2020 not
366 1972 508 2034 infrequent.
541 1971 621 2020 “Peto
632 1989 647 2020 a
657 1979 681 2021 te
692 1979 720 2021 ut
731 1975 783 2038 ejus
793 1981 891 2040 negotia

24 2079 27 2084 ,
104 2038 209 2099 explices
220 2044 244 2084 et
255 2038 373 2100 expedias,
384 2042 437 2085 tum
449 2037 505 2100 jure
516 2041 541 2083 et
551 2043 674 2098 potestate,
685 2043 738 2085 turn
749 2038 825 2087 etiarn
836 2055 891 2089 auo-

104 2102 199 2150 toritate
210 2107 235 2147 et
246 2101 346 2149 consilio
357 2107 406 2148 tuo.
438 2099 484 2162 Ep.
495 2100 564 2148 Fam.
576 2099 626 2149 xiii.
637 2101 675 2149 26.

136 2166 149 2216 †
165 2165 401 2213 Prorutiores-esse.
434 2163 488 2214 The
517 2165 696 2227 interpretation
718 2165 803 2222 ulrich¹
823 2184 891 2218 some

105 2233 291 2287 sommentatora
308 2229 368 2277 have
384 2233 427 2290 put
437 2245 469 2276 on
480 2228 528 2277 this
541 2246 642 2296 passage
659 2245 761 2292 appears
772 2237 797 2279 to
809 2233 838 2281 be
849 2233 891 2282 the

104 2291 180 2339 direct
191 2293 296 2352 opposite
307 2293 337 2341 of
347 2293 379 2340 its
392 2294 518 2357 meaning3
532 2294 613 2342 which
624 2296 653 2352 is,
664 2295 717 2342 that
731 2295 773 2343 We
782 2295 857 2360 ought
868 2303 892 2346 ta

105 2351 131 2401 be
142 2369 205 2402 mora
216 2355 290 2419 ready
301 2363 324 2404 to
335 2364 461 2405 monaster
469 2357 563 2421 danger
571 2359 698 2417 ourselses,
706 2357 764 2406 titan
772 2366 796 2406 to
805 2376 891 2425 exposa

104 2423 128 2466 ts
139 2417 233 2481 danger
243 2419 281 2466 tls
288 2419 370 2483 public
381 2421 448 2468 wool.

136 2481 147 2534 i
158 2482 284 2531 Paratiue.
316 2484 356 2531 On
364 2485 405 2534 the
416 2484 538 2548 authority
549 2485 579 2534 of
589 2501 635 2535 one
646 2486 699 2535 Ma
710 2485 734 2535 J.
746 2485 774 2534 F.
783 2486 891 2537 Heusin-

135 2561 148 2595 r
169 2547 246 2605 reads,
264 2549 372 2611 porcius.
404 2548 459 2597 The
480 2556 576 2612 present
596 2551 705 2615 reading,
727 2553 835 2601 restored
858 2555 891 2620 by

102 2560 238 2669 grattera,
249 2611 270 2660 is
282 2613 396 2676 probably
407 2620 506 2661 correct.
537 2613 619 2664 Those
629 2631 729 2690 persons
740 2631 781 2664 are
792 2617 891 2668 blamed

103 2675 160 2725 who
177 2675 254 2738 prefer
265 2676 328 2725 their
339 2693 395 2726 own
405 2677 540 2739 reputation
551 2685 576 2728 to
586 2679 649 2729 theu
662 2681 786 2744 country’s
803 2681 892 2748 saiety.

104 2736 195 2790 Fabius
213 2739 345 2790 Cunctator
364 2740 386 2789 is
406 2741 570 2800 commended,
590 2743 652 2806 “qui
667 2759 716 2793 non
734 2745 840 2807 ponebat
850 2763 892 2798 ru-

104 2804 184 2852 'nrcrss
194 2809 251 2855 sats
262 2803 388 2855 salutem.”
404 2805 459 2856 The
469 2805 628 2868 expressions,
636 2806 753 2858 dimicare
760 2807 790 2858 ds
798 2809 892 2876 glotis,
