1888 3222
287 228 354 278 urs.
364 229 397 277 11.
414 225 492 278 cle.
505 227 601 278 xxnr.
676 276 693 299 v.
787 229 842 286 2⁰1

59 366 197 444 opulento
209 367 253 428 vir
271 387 400 428 summus
421 369 502 429 facila
513 361 676 447 impetravit
689 379 729 428 ut
748 367 845 447 grandi

60 447 200 522 pecunia*
214 447 396 524 adjuvaretur.
419 449 510 515 Quam
519 468 589 509 curn
604 449 758 526 Sicyonem
778 457 847 506 attu-

58 524 151 593 lisset,
166 525 292 584 adhibuit
304 527 358 585 sibi
377 527 407 584 in
420 527 569 586 consilium
591 526 750 599 quindecim
770 527 847 603 prin·

59 603 151 678 cipes,
166 621 231 662 cum
245 605 346 676 quihus
366 624 479 663 caussas
498 607 631 683 cognovit
643 617 671 663 et
684 624 780 664 eorum
797 603 846 677 qui

61 680 154 739 aliena
167 684 305 751 tenebant,
321 695 457 742 eteorum
471 685 520 757 qui
533 703 584 742 sua
598 685 762 751 amiserant3
784 701 846 760 per·

60 757 184 832 fecitque
197 761 367 818 aestimandis
379 763 616 838 possessionibus,
626 771 657 819 ut
666 761 847 838 persuaderet

60 835 136 905 aliis,
155 845 187 896 ut
205 840 354 915 pecuniam
373 840 499 916 accipere
522 839 645 907 mallent,
660 838 846 916 possessioni·

60 915 114 973 bus
137 914 284 984 cederent;
305 919 377 985 aliis,
397 927 428 976 ut
447 917 624 996 commodius
644 926 781 993 putarent,
795 935 846 973 nu·
929 934 932 940 ·

60 994 163 1052 merari
176 994 240 1063 sibi,
256 995 330 1068 quod
345 996 511 1062 nudasset,
525 1014 610 1068 quam
624 1013 707 1054 suum
730 1011 847 1068 recupe-

59 1087 131 1132 rare.
172 1071 215 1130 lta
245 1073 399 1149 persecutns
425 1084 479 1139 est,
503 1083 535 1130 ut
559 1090 670 1139 omnes,
696 1070 847 1131 concordia

61 1150 222 1219 constituta,
236 1153 298 1210 sine
312 1151 434 1225 querela,
449 1150 633 1209 discederent.

99 1227 127 1287 0
142 1229 233 1286 virum
246 1249 391 1307 magnum,
412 1229 584 1306 dignumque
597 1227 646 1301 qui
660 1229 690 1286 in
706 1235 802 1286 nostra
814 1243 846 1283 re

60 1306 174 1382 publica
189 1315 270 1365 nattis
284 1311 374 1367 esset!
396 1308 445 1366 Sic
458 1323 509 1384 par
528 1316 571 1365 est
590 1325 671 1383 agere
693 1324 757 1364 cum
778 1304 847 1362 civi·

61 1385 124 1453 bus,
139 1403 197 1444 uon
209 1384 252 1464 (ot
265 1387 308 1444 bis
317 1388 378 1464 jam
389 1384 539 1464 vidimusi)
552 1385 661 1443 hastam
675 1384 781 1444 infore
795 1397 847 1459 po·

60 1475 167 1532 nere,et
175 1464 359 1522 bonacitinm
369 1464 432 1522 voci
441 1465 578 1542 subjicere
590 1465 736 1540 praeconis.
750 1463 789 1520 At
798 1459 847 1519 ille

62 1539 192 1611 Graecus,
211 1539 240 1600 id
261 1543 336 1616 quod
350 1543 402 1601 fuit
415 1543 548 1620 sapientis
571 1553 599 1600 et
612 1540 767 1619 praestantis
781 1539 846 1608 viri,

61 1622 193 1679 omnibus
206 1621 409 1681 consulendum
420 1622 535 1698 putavit.
574 1621 674 1694 anue
683 1630 727 1678 est
736 1635 848 1678 summa

62 1699 134 1758 ratio
146 1707 175 1757 et
188 1701 325 1776 sapientia
338 1699 405 1758 boni
418 1699 499 1766 civis,
513 1699 663 1757 commoda
676 1699 780 1756 civium
789 1713 847 1754 non

63 1775 207 1846 divellere,
223 1787 304 1850 atque
320 1795 420 1836 omnes
434 1777 562 1848 acquitate
583 1775 681 1833 eadem
695 1776 847 1833 continere.

64 1853 202 1915 Habitent
220 1856 308 1933 gratis
335 1855 366 1915 in
392 1854 519 1929 alisnotss
539 1853 615 1920 Quid
633 1853 689 1912 itai
711 1853 760 1921 Ut,
781 1869 847 1909 cum

92 2043 109 2081 θ
120 2043 220 2094 Grandi
227 2045 346 2111 penaio:
361 2059 408 2094 one
418 2041 529 2092 hundred
539 2043 588 2092 and
599 2039 653 2108 ΕΩ]
663 2039 767 2091 talenta,

91 2105 165 2164 iltis
175 2111 231 2174 jam
241 2110 354 2159 vidimus.
386 2109 470 2158 Under
480 2108 521 2158 tho
532 2107 688 2171 dictatorship
707 2103 738 2155 of
808 2101 849 2162 lla,

58 2173 148 2225 andos
157 2175 247 2224 Cesar.
280 2175 311 2224 ln
322 2174 363 2224 the
373 2173 434 2224 little
443 2180 504 2223 state
514 2173 544 2222 of
555 2172 653 2237 Sicyon,
667 2171 700 2220 all
716 2170 758 2221 the
774 2170 848 2217 hass-

60 2240 66 2252 '
127 2239 165 2288 for
176 2239 259 2289 which
273 2239 312 2289 his
330 2247 432 2304 counhy
443 2255 495 2288 was
517 2237 629 2287 indcbted
640 2243 665 2286 to
675 2237 716 2286 the
727 2235 850 2300 prudenoe

99 2306 200 2364 Aratus,
210 2320 275 2353 were
286 2305 406 2367 produced
418 2305 451 2370 by
459 2303 498 2353 his
510 2301 593 2352 skilful
605 2301 750 2367 application
760 2299 790 2349 of
801 2297 849 2348 150

57 2370 156 2420 talenta
188 2369 238 2434 But
254 2369 335 2418 where
355 2369 426 2418 could
436 2369 478 2418 the
488 2383 555 2416 mass
565 2367 595 2416 of
604 2368 694 2417 weelth
711 2367 771 2417 heve
787 2367 849 2414 been

58 2433 207 2496 discovered,
218 2435 339 2482 sufficiant
350 2440 375 2483 to
385 2435 506 2483 redressb
530 2433 562 2482 its'
571 2433 715 2496 applicetion
723 2433 749 2481 in
758 2448 773 2480 a
782 2430 849 2479 simi·

57 2502 96 2551 lar
106 2501 187 2559 mode,
196 2499 238 2548 the
249 2499 308 2548 evils
319 2499 440 2564 produced
450 2501 484 2564 hy
521 2513 673 2548 eenormous
680 2495 850 2546 mnflscetions

58 2565 140 2616 inthe
151 2565 248 2614 Roman
259 2565 338 2613 state?
503 2573 506 2580 ’

91 2627 357 2683 iHohiteot-olieno.
396 2627 468 2677 Some
488 2623 560 2677 MSS.
599 2627 635 2676 've
653 2625 781 2682 habituum
802 2637 850 2671 ons

58 2693 168 2754 labiim
183 2693 257 2757 Toup
267 2699 380 2771 suggests
391 2691 501 2750 habitem
517 2691 581 2741 whic
615 2707 693 2740 seems
704 2695 746 2737 not
762 2687 850 2748 impro-

58 2759 138 2809 bable.
170 2759 332 2819 Heumen,·rn
342 2759 381 2806 his
398 2757 506 2822 Parerga
519 2757 580 2805 Crit.
592 2773 613 2818 p.
624 2755 664 2813 26,
674 2753 758 2802 thinks
769 2768 784 2799 a
795 2767 849 2798 sen-

58 2831 132 2873 tence
143 2831 211 2872 must
219 2824 279 2874 have
290 2825 351 2873 been
362 2822 419 2871 here
430 2822 484 2880 lost,
495 2819 521 2869 in
528 2819 610 2868 which
618 2819 721 2866 allusion
733 2816 780 2863 had
788 2818 849 2863 hccn

61 2889 134 2937 made
145 2894 171 2936 tc
181 2888 222 2938 the
232 2889 356 2953 Agrarian
366 2887 433 2936 laws.
465 2885 519 2934 'I'he
531 2883 659 2932 transition
670 2882 699 2940 is,
710 2887 735 2930 at
746 2886 849 2944 present,

7 2963 9 2976 ⁴
61 2952 185 3018 oemnly
196 2954 291 3018 abrupt,
300 2953 344 3002 hut
351 2952 393 3001 the
401 2965 470 3000 sense
483 2950 504 2998 is
514 2955 558 2998 not
565 2946 715 3009 incompleta.
