<?xml version="1.0" encoding="UTF-8"?>
<!DOCTYPE html PUBLIC "-//W3C//DTD XHTML 1.0 Transitional//EN"
    "http://www.w3.org/TR/xhtml1/DTD/xhtml1-transitional.dtd">
<html xmlns="http://www.w3.org/1999/xhtml" xml:lang="en" lang="en">
 <head>
  <title>
</title>
<meta http-equiv="Content-Type" content="text/html;charset=utf-8" />
  <meta name='ocr-system' content='tesseract 3.04.00' />
  <meta name='ocr-capabilities' content='ocr_page ocr_carea ocr_par ocr_line ocrx_word'/>
</head>
<body>
  <div class='ocr_page' id='page_1' title='image "./deofficiislibri04cicegoog_0177.png"; bbox 0 0 1888 3222; ppageno 0'>
   <div class='ocr_carea' id='block_1_1' title="bbox 95 205 599 274">
    <p class='ocr_par' dir='ltr' id='par_1_1' title="bbox 95 205 599 274">
     <span class='ocr_line' id='line_1_1' title="bbox 95 205 599 274; baseline -0.004 -19"><span class='ocrx_word' id='word_1_1' title='bbox 95 213 151 268; x_wconf 80' lang='lat' dir='ltr'>mo</span> <span class='ocrx_word' id='word_1_2' title='bbox 383 205 599 274; x_wconf 75' lang='lat' dir='ltr'>odorricus.</span> 
     </span>
    </p>
   </div>
   <div class='ocr_carea' id='block_1_2' title="bbox 35 344 937 2539">
    <p class='ocr_par' dir='ltr' id='par_1_2' title="bbox 92 344 881 663">
     <span class='ocr_line' id='line_1_2' title="bbox 92 344 879 430; baseline -0.008 -20"><span class='ocrx_word' id='word_1_3' title='bbox 92 353 235 430; x_wconf 79' lang='lat' dir='ltr'>pariuntur</span> <span class='ocrx_word' id='word_1_4' title='bbox 256 370 273 407; x_wconf 82' lang='lat' dir='ltr'><strong>a</strong></span> <span class='ocrx_word' id='word_1_5' title='bbox 293 349 421 426; x_wconf 77' lang='lat' dir='ltr'>siugulis,</span> <span class='ocrx_word' id='word_1_6' title='bbox 436 348 544 407; x_wconf 83' lang='lat' dir='ltr'>eisdem</span> <span class='ocrx_word' id='word_1_7' title='bbox 568 348 625 406; x_wconf 84' lang='lat' dir='ltr'>fere</span> <span class='ocrx_word' id='word_1_8' title='bbox 648 367 666 404; x_wconf 81' lang='lat' dir='ltr'>a</span> <span class='ocrx_word' id='word_1_9' title='bbox 689 344 879 405; x_wconf 85' lang='lat' dir='ltr'>multitudine.</span> 
     </span>
     <span class='ocr_line' id='line_1_3' title="bbox 94 424 881 500; baseline -0.008 -12"><span class='ocrx_word' id='word_1_10' title='bbox 94 430 151 488; x_wconf 81' lang='lat' dir='ltr'>Sed</span> <span class='ocrx_word' id='word_1_11' title='bbox 165 440 208 488; x_wconf 86' lang='lat' dir='ltr'>est</span> <span class='ocrx_word' id='word_1_12' title='bbox 220 429 291 486; x_wconf 83' lang='lat' dir='ltr'>elius</span> <span class='ocrx_word' id='word_1_13' title='bbox 310 446 422 500; x_wconf 91' lang='lat' dir='ltr'>quoque</span> <span class='ocrx_word' id='word_1_14' title='bbox 438 427 552 500; x_wconf 89' lang='lat' dir='ltr'>quidam</span> <span class='ocrx_word' id='word_1_15' title='bbox 566 425 655 484; x_wconf 89' lang='lat' dir='ltr'>aditus</span> <span class='ocrx_word' id='word_1_16' title='bbox 670 425 704 482; x_wconf 85' lang='lat' dir='ltr'>ed</span> <span class='ocrx_word' id='word_1_17' title='bbox 726 424 881 484; x_wconf 88' lang='lat' dir='ltr'>multitudi-</span> 
     </span>
     <span class='ocr_line' id='line_1_4' title="bbox 94 503 881 578; baseline -0.005 -12"><span class='ocrx_word' id='word_1_18' title='bbox 94 527 170 574; x_wconf 84' lang='lat' dir='ltr'>nem,</span> <span class='ocrx_word' id='word_1_19' title='bbox 185 516 216 564; x_wconf 93' lang='lat' dir='ltr'>ut</span> <span class='ocrx_word' id='word_1_20' title='bbox 229 509 259 564; x_wconf 92' lang='lat' dir='ltr'>in</span> <span class='ocrx_word' id='word_1_21' title='bbox 269 507 464 564; x_wconf 89' lang='lat' dir='ltr'>universorum</span> <span class='ocrx_word' id='word_1_22' title='bbox 483 506 591 564; x_wconf 85' lang='lat' dir='ltr'>animos</span> <span class='ocrx_word' id='word_1_23' title='bbox 605 515 749 578; x_wconf 78' lang='lat' dir='ltr'><strong>tamquam</strong></span> <span class='ocrx_word' id='word_1_24' title='bbox 763 503 881 562; x_wconf 87' lang='lat' dir='ltr'>influere</span> 
     </span>
     <span class='ocr_line' id='line_1_5' title="bbox 94 586 248 663; baseline 0.006 -20"><span class='ocrx_word' id='word_1_25' title='bbox 94 586 248 663; x_wconf 88' lang='lat' dir='ltr'>possimus.</span> 
     </span>
    </p>

    <p class='ocr_par' dir='ltr' id='par_1_3' title="bbox 94 659 937 1671">
     <span class='ocr_line' id='line_1_6' title="bbox 131 659 883 739; baseline -0.003 -19"><span class='ocrx_word' id='word_1_26' title='bbox 131 663 175 720; x_wconf 78' lang='lat' dir='ltr'>Ac</span> <span class='ocrx_word' id='word_1_27' title='bbox 185 663 308 739; x_wconf 91' lang='lat' dir='ltr'>primum</span> <span class='ocrx_word' id='word_1_28' title='bbox 322 663 356 720; x_wconf 92' lang='lat' dir='ltr'>de</span> <span class='ocrx_word' id='word_1_29' title='bbox 368 662 424 720; x_wconf 85' lang='lat' dir='ltr'>illis</span> <span class='ocrx_word' id='word_1_30' title='bbox 438 661 537 730; x_wconf 85' lang='lat' dir='ltr'>tribus,</span> <span class='ocrx_word' id='word_1_31' title='bbox 552 680 613 734; x_wconf 83' lang='lat' dir='ltr'>quae</span> <span class='ocrx_word' id='word_1_32' title='bbox 634 670 697 719; x_wconf 87' lang='lat' dir='ltr'>ante</span> <span class='ocrx_word' id='word_1_33' title='bbox 711 659 784 728; x_wconf 84' lang='lat' dir='ltr'>dixi,</span> <span class='ocrx_word' id='word_1_34' title='bbox 799 662 883 718; x_wconf 84' lang='lat' dir='ltr'>bene·</span> 
     </span>
     <span class='ocr_line' id='line_1_7' title="bbox 94 739 937 819; baseline -0.002 -22"><span class='ocrx_word' id='word_1_35' title='bbox 94 741 241 799; x_wconf 77' lang='lat' dir='ltr'>volentiae*</span> <span class='ocrx_word' id='word_1_36' title='bbox 255 752 394 819; x_wconf 71' lang='lat' dir='ltr'>precepta</span> <span class='ocrx_word' id='word_1_37' title='bbox 407 740 570 800; x_wconf 83' lang='lat' dir='ltr'>videamus:</span> <span class='ocrx_word' id='word_1_38' title='bbox 592 759 654 812; x_wconf 85' lang='lat' dir='ltr'>quae</span> <span class='ocrx_word' id='word_1_39' title='bbox 669 739 785 811; x_wconf 90' lang='lat' dir='ltr'>quidem</span> <span class='ocrx_word' id='word_1_40' title='bbox 799 741 884 796; x_wconf 89' lang='lat' dir='ltr'>bene·</span> <span class='ocrx_word' id='word_1_41' title='bbox 936 757 937 760; x_wconf 45' lang='lat'>¹</span> 
     </span>
     <span class='ocr_line' id='line_1_8' title="bbox 95 815 884 896; baseline -0.003 -20"><span class='ocrx_word' id='word_1_42' title='bbox 95 819 168 876; x_wconf 83' lang='lat' dir='ltr'>ficiis</span> <span class='ocrx_word' id='word_1_43' title='bbox 183 815 291 896; x_wconf 81' lang='lat' dir='ltr'>c&#39;epitur</span> <span class='ocrx_word' id='word_1_44' title='bbox 311 820 434 878; x_wconf 82' lang='lat' dir='ltr'><strong>maxime</strong></span> <span class='ocrx_word' id='word_1_45' title='bbox 448 839 455 875; x_wconf 76' lang='grc' dir='ltr'>ι</span> <span class='ocrx_word' id='word_1_46' title='bbox 478 818 602 876; x_wconf 86' lang='lat' dir='ltr'>secundo</span> <span class='ocrx_word' id='word_1_47' title='bbox 614 827 707 875; x_wconf 83' lang='lat' dir='ltr'>autem</span> <span class='ocrx_word' id='word_1_48' title='bbox 719 817 785 876; x_wconf 90' lang='lat' dir='ltr'>loco</span> <span class='ocrx_word' id='word_1_49' title='bbox 799 819 884 875; x_wconf 83' lang='lat' dir='ltr'>bene·</span> 
     </span>
     <span class='ocr_line' id='line_1_9' title="bbox 94 897 883 964; baseline -0.005 -9"><span class='ocrx_word' id='word_1_50' title='bbox 94 898 149 955; x_wconf 84' lang='lat' dir='ltr'>fica</span> <span class='ocrx_word' id='word_1_51' title='bbox 170 899 309 958; x_wconf 82' lang='lat' dir='ltr'>voluntate</span> <span class='ocrx_word' id='word_1_52' title='bbox 331 898 525 956; x_wconf 82' lang='lat' dir='ltr'>benevolentia</span> <span class='ocrx_word' id='word_1_53' title='bbox 546 905 682 964; x_wconf 87' lang='lat' dir='ltr'>movetur,</span> <span class='ocrx_word' id='word_1_54' title='bbox 697 897 784 953; x_wconf 84' lang='lat' dir='ltr'>etiam</span> <span class='ocrx_word' id='word_1_55' title='bbox 799 897 826 952; x_wconf 87' lang='lat' dir='ltr'>si</span> <span class='ocrx_word' id='word_1_56' title='bbox 840 913 883 952; x_wconf 91' lang='lat' dir='ltr'>res</span> 
     </span>
     <span class='ocr_line' id='line_1_10' title="bbox 94 972 884 1055; baseline -0.005 -22"><span class='ocrx_word' id='word_1_57' title='bbox 94 975 164 1034; x_wconf 83' lang='lat' dir='ltr'>forte</span> <span class='ocrx_word' id='word_1_58' title='bbox 178 996 236 1035; x_wconf 91' lang='lat' dir='ltr'>non</span> <span class='ocrx_word' id='word_1_59' title='bbox 247 977 380 1055; x_wconf 82' lang='lat' dir='ltr'>suppetit.</span> <span class='ocrx_word' id='word_1_60' title='bbox 422 976 612 1033; x_wconf 86' lang='lat' dir='ltr'>Vehementer</span> <span class='ocrx_word' id='word_1_61' title='bbox 623 984 715 1031; x_wconf 83' lang='lat' dir='ltr'>eutem</span> <span class='ocrx_word' id='word_1_62' title='bbox 725 993 806 1032; x_wconf 85' lang='lat' dir='ltr'>amor</span> <span class='ocrx_word' id='word_1_63' title='bbox 814 972 884 1031; x_wconf 90' lang='lat' dir='ltr'>mul·</span> 
     </span>
     <span class='ocr_line' id='line_1_11' title="bbox 94 1053 884 1130; baseline -0.004 -18"><span class='ocrx_word' id='word_1_64' title='bbox 94 1055 222 1113; x_wconf 79' lang='lat' dir='ltr'>titudinis</span> <span class='ocrx_word' id='word_1_65' title='bbox 242 1065 433 1114; x_wconf 90' lang='lat' dir='ltr'>commovetur</span> <span class='ocrx_word' id='word_1_66' title='bbox 446 1055 509 1130; x_wconf 88' lang='lat' dir='ltr'>ipsa</span> <span class='ocrx_word' id='word_1_67' title='bbox 529 1053 603 1110; x_wconf 82' lang='lat' dir='ltr'>fama</span> <span class='ocrx_word' id='word_1_68' title='bbox 616 1062 645 1108; x_wconf 88' lang='lat' dir='ltr'>et</span> <span class='ocrx_word' id='word_1_69' title='bbox 658 1053 793 1128; x_wconf 87' lang='lat' dir='ltr'>opinione</span> <span class='ocrx_word' id='word_1_70' title='bbox 817 1053 884 1110; x_wconf 91' lang='lat' dir='ltr'>libe·</span> 
     </span>
     <span class='ocr_line' id='line_1_12' title="bbox 94 1130 884 1208; baseline -0.005 -17"><span class='ocrx_word' id='word_1_71' title='bbox 94 1134 234 1202; x_wconf 83' lang='lat' dir='ltr'>relitatis,†</span> <span class='ocrx_word' id='word_1_72' title='bbox 246 1135 447 1201; x_wconf 81' lang='lat' dir='ltr'>beneficentiae,</span> <span class='ocrx_word' id='word_1_73' title='bbox 465 1132 590 1208; x_wconf 74' lang='lat' dir='ltr'>justitie,</span> <span class='ocrx_word' id='word_1_74' title='bbox 605 1130 682 1197; x_wconf 88' lang='lat' dir='ltr'>fidei,</span> <span class='ocrx_word' id='word_1_75' title='bbox 698 1131 884 1202; x_wconf 90' lang='lat' dir='ltr'>omniumque</span> 
     </span>
     <span class='ocr_line' id='line_1_13' title="bbox 95 1208 937 1287; baseline -0.002 -19"><span class='ocrx_word' id='word_1_76' title='bbox 95 1230 191 1270; x_wconf 85' lang='lat' dir='ltr'>cerum</span> <span class='ocrx_word' id='word_1_77' title='bbox 206 1214 347 1280; x_wconf 87' lang='lat' dir='ltr'>virtutum,</span> <span class='ocrx_word' id='word_1_78' title='bbox 362 1231 424 1284; x_wconf 85' lang='lat' dir='ltr'>quae</span> <span class='ocrx_word' id='word_1_79' title='bbox 439 1211 577 1287; x_wconf 78' lang='lat' dir='ltr'>pertinent</span> <span class='ocrx_word' id='word_1_80' title='bbox 590 1209 624 1266; x_wconf 78' lang='lat' dir='ltr'>nd</span> <span class='ocrx_word' id='word_1_81' title='bbox 638 1208 884 1266; x_wconf 84' lang='lat' dir='ltr'>mansuetudinem</span> <span class='ocrx_word' id='word_1_82' title='bbox 936 1253 937 1272; x_wconf 36' lang='lat'>1</span> 
     </span>
     <span class='ocr_line' id='line_1_14' title="bbox 96 1273 937 1363; baseline -0.004 -17"><span class='ocrx_word' id='word_1_83' title='bbox 96 1308 250 1347; x_wconf 85' lang='lat' dir='ltr'>memmae</span> <span class='ocrx_word' id='word_1_84' title='bbox 264 1291 433 1347; x_wconf 76' lang='lat' dir='ltr'>facilitatem.</span> <span class='ocrx_word' id='word_1_85' title='bbox 473 1289 589 1346; x_wconf 87' lang='lat' dir='ltr'>Etenim</span> <span class='ocrx_word' id='word_1_86' title='bbox 602 1287 670 1345; x_wconf 86' lang='lat' dir='ltr'>illud</span> <span class='ocrx_word' id='word_1_87' title='bbox 684 1287 793 1363; x_wconf 87' lang='lat' dir='ltr'>ipsum,</span> <span class='ocrx_word' id='word_1_88' title='bbox 808 1287 885 1358; x_wconf 90' lang='lat' dir='ltr'>quod</span> <span class='ocrx_word' id='word_1_89' title='bbox 936 1273 937 1350; x_wconf 73' lang='lat' dir='ltr'>l</span> 
     </span>
     <span class='ocr_line' id='line_1_15' title="bbox 96 1366 884 1441; baseline -0.004 -17"><span class='ocrx_word' id='word_1_90' title='bbox 96 1367 246 1424; x_wconf 89' lang='lat' dir='ltr'>honestum</span> <span class='ocrx_word' id='word_1_91' title='bbox 260 1367 447 1438; x_wconf 88' lang='lat' dir='ltr'>decorumque</span> <span class='ocrx_word' id='word_1_92' title='bbox 461 1367 593 1432; x_wconf 71' lang='lat' dir='ltr'>dirime,</span> <span class='ocrx_word' id='word_1_93' title='bbox 608 1367 674 1438; x_wconf 85' lang='lat' dir='ltr'>quia</span> <span class='ocrx_word' id='word_1_94' title='bbox 684 1383 735 1441; x_wconf 86' lang='lat' dir='ltr'>per</span> <span class='ocrx_word' id='word_1_95' title='bbox 755 1383 786 1420; x_wconf 91' lang='lat' dir='ltr'>se</span> <span class='ocrx_word' id='word_1_96' title='bbox 801 1366 884 1423; x_wconf 88' lang='lat' dir='ltr'>nobis</span> 
     </span>
     <span class='ocr_line' id='line_1_16' title="bbox 96 1444 886 1520; baseline -0.001 -20"><span class='ocrx_word' id='word_1_97' title='bbox 96 1445 196 1520; x_wconf 81' lang='lat' dir='ltr'>placet,</span> <span class='ocrx_word' id='word_1_98' title='bbox 219 1445 383 1516; x_wconf 79' lang='lat' dir='ltr'>animosque</span> <span class='ocrx_word' id='word_1_99' title='bbox 405 1445 532 1502; x_wconf 88' lang='lat' dir='ltr'>omnium</span> <span class='ocrx_word' id='word_1_100' title='bbox 555 1454 651 1502; x_wconf 85' lang='lat' dir='ltr'>natura</span> <span class='ocrx_word' id='word_1_101' title='bbox 670 1453 699 1500; x_wconf 88' lang='lat' dir='ltr'>et</span> <span class='ocrx_word' id='word_1_102' title='bbox 718 1444 815 1519; x_wconf 82' lang='lat' dir='ltr'>specie</span> <span class='ocrx_word' id='word_1_103' title='bbox 836 1463 886 1502; x_wconf 79' lang='lat' dir='ltr'>sua</span> 
     </span>
     <span class='ocr_line' id='line_1_17' title="bbox 97 1523 885 1598; baseline 0.001 -20"><span class='ocrx_word' id='word_1_104' title='bbox 97 1532 265 1589; x_wconf 88' lang='lat' dir='ltr'>commovet,</span> <span class='ocrx_word' id='word_1_105' title='bbox 281 1523 459 1594; x_wconf 85' lang='lat' dir='ltr'>maximeque</span> <span class='ocrx_word' id='word_1_106' title='bbox 474 1524 555 1594; x_wconf 81' lang='lat' dir='ltr'>quasi</span> <span class='ocrx_word' id='word_1_107' title='bbox 567 1524 691 1598; x_wconf 85' lang='lat' dir='ltr'>perlucet</span> <span class='ocrx_word' id='word_1_108' title='bbox 701 1541 737 1579; x_wconf 81' lang='lat' dir='ltr'>ex</span> <span class='ocrx_word' id='word_1_109' title='bbox 748 1523 801 1589; x_wconf 90' lang='lat' dir='ltr'>eis,</span> <span class='ocrx_word' id='word_1_110' title='bbox 815 1541 885 1593; x_wconf 83' lang='lat' dir='ltr'>quas</span> 
     </span>
     <span class='ocr_line' id='line_1_18' title="bbox 96 1601 885 1671; baseline -0.001 -15"><span class='ocrx_word' id='word_1_111' title='bbox 96 1601 324 1666; x_wconf 84' lang='lat' dir='ltr'>commemoravi,</span> <span class='ocrx_word' id='word_1_112' title='bbox 340 1601 507 1658; x_wconf 87' lang='lat' dir='ltr'>virtutibus:</span> <span class='ocrx_word' id='word_1_113' title='bbox 536 1601 641 1658; x_wconf 87' lang='lat' dir='ltr'>idcirco</span> <span class='ocrx_word' id='word_1_114' title='bbox 657 1601 731 1667; x_wconf 81' lang='lat' dir='ltr'>illos,</span> <span class='ocrx_word' id='word_1_115' title='bbox 741 1601 770 1657; x_wconf 91' lang='lat' dir='ltr'>in</span> <span class='ocrx_word' id='word_1_116' title='bbox 783 1601 885 1671; x_wconf 88' lang='lat' dir='ltr'>quibus</span> 
     </span>
    </p>

    <p class='ocr_par' dir='ltr' id='par_1_4' title="bbox 48 1679 937 1971">
     <span class='ocr_line' id='line_1_19' title="bbox 48 1679 885 1755; baseline 0.002 -21"><span class='ocrx_word' id='word_1_117' title='bbox 48 1687 50 1693; x_wconf 82' lang='grc'><em>’</em></span> <span class='ocrx_word' id='word_1_118' title='bbox 96 1695 144 1734; x_wconf 84' lang='lat' dir='ltr'>ees</span> <span class='ocrx_word' id='word_1_119' title='bbox 159 1679 275 1735; x_wconf 87' lang='lat' dir='ltr'>virtutes</span> <span class='ocrx_word' id='word_1_120' title='bbox 290 1697 352 1736; x_wconf 86' lang='lat' dir='ltr'>esse</span> <span class='ocrx_word' id='word_1_121' title='bbox 374 1696 478 1745; x_wconf 85' lang='lat' dir='ltr'>remur,</span> <span class='ocrx_word' id='word_1_122' title='bbox 493 1699 509 1735; x_wconf 87' lang='lat' dir='ltr'>e</span> <span class='ocrx_word' id='word_1_123' title='bbox 522 1689 619 1736; x_wconf 85' lang='lat' dir='ltr'>natura</span> <span class='ocrx_word' id='word_1_124' title='bbox 632 1680 696 1755; x_wconf 88' lang='lat' dir='ltr'>ipsa</span> <span class='ocrx_word' id='word_1_125' title='bbox 708 1679 827 1754; x_wconf 86' lang='lat' dir='ltr'>diligere</span> <span class='ocrx_word' id='word_1_126' title='bbox 842 1697 885 1736; x_wconf 86' lang='lat' dir='ltr'>co·</span> 
     </span>
     <span class='ocr_line' id='line_1_20' title="bbox 97 1756 937 1834; baseline -0.005 -22"><span class='ocrx_word' id='word_1_127' title='bbox 97 1756 199 1832; x_wconf 86' lang='lat' dir='ltr'>gimur.</span> <span class='ocrx_word' id='word_1_128' title='bbox 238 1759 331 1829; x_wconf 87' lang='lat' dir='ltr'>Atque</span> <span class='ocrx_word' id='word_1_129' title='bbox 354 1758 397 1814; x_wconf 84' lang='lat' dir='ltr'>hae</span> <span class='ocrx_word' id='word_1_130' title='bbox 413 1757 528 1830; x_wconf 90' lang='lat' dir='ltr'>quidem</span> <span class='ocrx_word' id='word_1_131' title='bbox 550 1776 656 1815; x_wconf 85' lang='lat' dir='ltr'>caussae</span> <span class='ocrx_word' id='word_1_132' title='bbox 677 1757 814 1834; x_wconf 82' lang='lat' dir='ltr'>diligendi</span> <span class='ocrx_word' id='word_1_133' title='bbox 828 1776 886 1834; x_wconf 85' lang='lat' dir='ltr'>gra-</span> <span class='ocrx_word' id='word_1_134' title='bbox 936 1793 937 1808; x_wconf 59' lang='lat'>2</span> 
     </span>
     <span class='ocr_line' id='line_1_21' title="bbox 97 1834 937 1971; baseline 0.001 -80"><span class='ocrx_word' id='word_1_135' title='bbox 97 1834 240 1971; x_wconf 80' lang='lat' dir='ltr'>lvissimae:</span> <span class='ocrx_word' id='word_1_136' title='bbox 270 1846 389 1913; x_wconf 87' lang='lat' dir='ltr'>possunt</span> <span class='ocrx_word' id='word_1_137' title='bbox 408 1837 485 1894; x_wconf 88' lang='lat' dir='ltr'>enim</span> <span class='ocrx_word' id='word_1_138' title='bbox 507 1846 641 1912; x_wconf 85' lang='lat' dir='ltr'>praeteree</span> <span class='ocrx_word' id='word_1_139' title='bbox 653 1854 711 1894; x_wconf 88' lang='lat' dir='ltr'>non</span> <span class='ocrx_word' id='word_1_140' title='bbox 724 1836 808 1894; x_wconf 87' lang='lat' dir='ltr'>nullae</span> <span class='ocrx_word' id='word_1_141' title='bbox 823 1853 886 1893; x_wconf 87' lang='lat' dir='ltr'>esse</span> <span class='ocrx_word' id='word_1_142' title='bbox 936 1867 937 1892; x_wconf 63' lang='lat' dir='ltr'>r</span> 
     </span>
    </p>

    <p class='ocr_par' dir='ltr' id='par_1_5' title="bbox 35 1933 937 1974">
     <span class='ocr_line' id='line_1_22' title="bbox 35 1933 937 1974; baseline 0.002 -4"><span class='ocrx_word' id='word_1_143' title='bbox 35 1950 40 1957; x_wconf 81' lang='lat'><em>-</em></span> <span class='ocrx_word' id='word_1_144' title='bbox 110 1933 230 1974; x_wconf 85' lang='lat' dir='ltr'>evrores.</span> <span class='ocrx_word' id='word_1_145' title='bbox 936 1945 937 1966; x_wconf 57' lang='lat'><em>2</em></span> 
     </span>
    </p>

    <p class='ocr_par' dir='ltr' id='par_1_6' title="bbox 93 1991 937 2224">
     <span class='ocr_line' id='line_1_23' title="bbox 137 1991 887 2058; baseline -0.003 -8"><span class='ocrx_word' id='word_1_146' title='bbox 137 1993 222 2051; x_wconf 85' lang='lat' dir='ltr'>Fides</span> <span class='ocrx_word' id='word_1_147' title='bbox 248 2002 339 2050; x_wconf 88' lang='lat' dir='ltr'>autem</span> <span class='ocrx_word' id='word_1_148' title='bbox 362 2003 393 2050; x_wconf 87' lang='lat' dir='ltr'>ut</span> <span class='ocrx_word' id='word_1_149' title='bbox 415 1993 557 2058; x_wconf 82' lang='lat' dir='ltr'>habeatur,</span> <span class='ocrx_word' id='word_1_150' title='bbox 573 1992 680 2050; x_wconf 87' lang='lat' dir='ltr'>duabus</span> <span class='ocrx_word' id='word_1_151' title='bbox 704 1993 789 2050; x_wconf 86' lang='lat' dir='ltr'>rebus</span> <span class='ocrx_word' id='word_1_152' title='bbox 812 1991 887 2049; x_wconf 90' lang='lat' dir='ltr'>effici</span> 
     </span>
     <span class='ocr_line' id='line_1_24' title="bbox 98 2067 937 2147; baseline -0.001 -20"><span class='ocrx_word' id='word_1_153' title='bbox 98 2080 208 2146; x_wconf 84' lang='lat' dir='ltr'>potest:</span> <span class='ocrx_word' id='word_1_154' title='bbox 235 2072 261 2126; x_wconf 85' lang='lat' dir='ltr'>si</span> <span class='ocrx_word' id='word_1_155' title='bbox 275 2067 499 2128; x_wconf 82' lang='lat' dir='ltr'>existimabimur</span> <span class='ocrx_word' id='word_1_156' title='bbox 520 2070 614 2146; x_wconf 84' lang='lat' dir='ltr'>adepti</span> <span class='ocrx_word' id='word_1_157' title='bbox 628 2071 807 2147; x_wconf 86' lang='lat' dir='ltr'>conjunctam</span> <span class='ocrx_word' id='word_1_158' title='bbox 822 2088 887 2127; x_wconf 89' lang='lat' dir='ltr'>cum</span> <span class='ocrx_word' id='word_1_159' title='bbox 936 2093 937 2126; x_wconf 66' lang='lat' dir='ltr'>r</span> 
     </span>
     <span class='ocr_line' id='line_1_25' title="bbox 93 2147 937 2224; baseline 0.005 -20"><span class='ocrx_word' id='word_1_160' title='bbox 93 2149 203 2224; x_wconf 85' lang='lat' dir='ltr'>justitia</span> <span class='ocrx_word' id='word_1_161' title='bbox 224 2147 409 2223; x_wconf 88' lang='lat' dir='ltr'>prudentiam.</span> <span class='ocrx_word' id='word_1_162' title='bbox 450 2149 526 2206; x_wconf 87' lang='lat' dir='ltr'>Nam</span> <span class='ocrx_word' id='word_1_163' title='bbox 541 2159 569 2206; x_wconf 92' lang='lat' dir='ltr'>et</span> <span class='ocrx_word' id='word_1_164' title='bbox 581 2150 617 2206; x_wconf 90' lang='lat' dir='ltr'>iis</span> <span class='ocrx_word' id='word_1_165' title='bbox 631 2149 716 2206; x_wconf 90' lang='lat' dir='ltr'>fidem</span> <span class='ocrx_word' id='word_1_166' title='bbox 737 2150 886 2214; x_wconf 83' lang='lat' dir='ltr'>hebemus,</span> <span class='ocrx_word' id='word_1_167' title='bbox 936 2181 937 2208; x_wconf 70' lang='lat'><em>÷</em></span> 
     </span>
    </p>

    <p class='ocr_par' dir='ltr' id='par_1_7' title="bbox 48 2225 889 2539">
     <span class='ocr_line' id='line_1_26' title="bbox 48 2225 888 2310; baseline 0.002 -29"><span class='ocrx_word' id='word_1_168' title='bbox 48 2295 54 2310; x_wconf 79' lang='lat'><em>.</em></span> <span class='ocrx_word' id='word_1_169' title='bbox 98 2243 169 2298; x_wconf 88' lang='lat' dir='ltr'>quos</span> <span class='ocrx_word' id='word_1_170' title='bbox 184 2225 247 2301; x_wconf 88' lang='lat' dir='ltr'>plus</span> <span class='ocrx_word' id='word_1_171' title='bbox 259 2226 424 2303; x_wconf 85' lang='lat' dir='ltr'>intelligere,</span> <span class='ocrx_word' id='word_1_172' title='bbox 440 2246 599 2299; x_wconf 74' lang='lat' dir='ltr'>quemme,</span> <span class='ocrx_word' id='word_1_173' title='bbox 614 2229 788 2294; x_wconf 83' lang='lat' dir='ltr'>arbitramur,</span> <span class='ocrx_word' id='word_1_174' title='bbox 803 2245 888 2299; x_wconf 89' lang='lat' dir='ltr'>quos-</span> 
     </span>
     <span class='ocr_line' id='line_1_27' title="bbox 99 2303 887 2382; baseline 0.004 -24"><span class='ocrx_word' id='word_1_175' title='bbox 99 2321 154 2374; x_wconf 90' lang='lat' dir='ltr'>que</span> <span class='ocrx_word' id='word_1_176' title='bbox 179 2314 207 2360; x_wconf 87' lang='lat' dir='ltr'>et</span> <span class='ocrx_word' id='word_1_177' title='bbox 227 2303 318 2360; x_wconf 87' lang='lat' dir='ltr'>futura</span> <span class='ocrx_word' id='word_1_178' title='bbox 342 2306 504 2382; x_wconf 84' lang='lat' dir='ltr'>prospicere</span> <span class='ocrx_word' id='word_1_179' title='bbox 529 2305 678 2374; x_wconf 86' lang='lat' dir='ltr'>oredimus,</span> <span class='ocrx_word' id='word_1_180' title='bbox 703 2314 732 2362; x_wconf 89' lang='lat' dir='ltr'>et</span> <span class='ocrx_word' id='word_1_181' title='bbox 756 2323 822 2362; x_wconf 92' lang='lat' dir='ltr'>cum</span> <span class='ocrx_word' id='word_1_182' title='bbox 842 2322 887 2362; x_wconf 86' lang='lat' dir='ltr'>res</span> 
     </span>
     <span class='ocr_line' id='line_1_28' title="bbox 93 2381 889 2459; baseline 0.004 -22"><span class='ocrx_word' id='word_1_183' title='bbox 93 2390 195 2456; x_wconf 39' lang='lat' dir='ltr'>(roratur</span> <span class='ocrx_word' id='word_1_184' title='bbox 207 2381 238 2438; x_wconf 90' lang='lat' dir='ltr'>in</span> <span class='ocrx_word' id='word_1_185' title='bbox 256 2381 463 2454; x_wconf 82' lang='lat' dir='ltr'>discrimenque</span> <span class='ocrx_word' id='word_1_186' title='bbox 482 2394 597 2442; x_wconf 88' lang='lat' dir='ltr'>ventum</span> <span class='ocrx_word' id='word_1_187' title='bbox 612 2385 658 2452; x_wconf 87' lang='lat' dir='ltr'>sit,</span> <span class='ocrx_word' id='word_1_188' title='bbox 673 2383 807 2459; x_wconf 81' lang='lat' dir='ltr'>expedire</span> <span class='ocrx_word' id='word_1_189' title='bbox 828 2401 889 2440; x_wconf 88' lang='lat' dir='ltr'>rem</span> 
     </span>
     <span class='ocr_line' id='line_1_29' title="bbox 99 2459 889 2539; baseline 0.001 -23"><span class='ocrx_word' id='word_1_190' title='bbox 99 2469 127 2516; x_wconf 88' lang='lat' dir='ltr'>et</span> <span class='ocrx_word' id='word_1_191' title='bbox 147 2459 297 2517; x_wconf 80' lang='lat' dir='ltr'>consilium</span> <span class='ocrx_word' id='word_1_192' title='bbox 320 2479 356 2518; x_wconf 87' lang='lat' dir='ltr'>ex</span> <span class='ocrx_word' id='word_1_193' title='bbox 381 2472 506 2536; x_wconf 90' lang='lat' dir='ltr'>tempore</span> <span class='ocrx_word' id='word_1_194' title='bbox 528 2481 629 2538; x_wconf 88' lang='lat' dir='ltr'>capere</span> <span class='ocrx_word' id='word_1_195' title='bbox 651 2465 763 2539; x_wconf 84' lang='lat' dir='ltr'>posse.‡</span> <span class='ocrx_word' id='word_1_196' title='bbox 804 2461 889 2519; x_wconf 86' lang='lat' dir='ltr'>Hauc</span> 
     </span>
    </p>
   </div>
   <div class='ocr_carea' id='block_1_3' title="bbox 98 2614 892 2840">
    <p class='ocr_par' dir='ltr' id='par_1_8' title="bbox 98 2614 892 2840">
     <span class='ocr_line' id='line_1_30' title="bbox 131 2614 616 2665; baseline 0.004 -2"><span class='ocrx_word' id='word_1_197' title='bbox 131 2614 343 2664; x_wconf 66' lang='lat' dir='ltr'>*Benevoleotim</span> <span class='ocrx_word' id='word_1_198' title='bbox 375 2615 493 2664; x_wconf 78' lang='lat' dir='ltr'>Scilcorn</span> <span class='ocrx_word' id='word_1_199' title='bbox 525 2617 616 2665; x_wconf 77' lang='lat' dir='ltr'>rande.</span> 
     </span>
     <span class='ocr_line' id='line_1_31' title="bbox 131 2679 892 2746; baseline -0.003 -16"><span class='ocrx_word' id='word_1_200' title='bbox 131 2679 143 2730; x_wconf 92' lang='lat'>†</span> <span class='ocrx_word' id='word_1_201' title='bbox 160 2679 280 2742; x_wconf 78' lang='lat' dir='ltr'>Opinione</span> <span class='ocrx_word' id='word_1_202' title='bbox 291 2679 451 2728; x_wconf 78' lang='lat' dir='ltr'>liberalitatis.</span> <span class='ocrx_word' id='word_1_203' title='bbox 507 2698 523 2744; x_wconf 80' lang='lat' dir='ltr'><strong><em>y</em></strong></span> <span class='ocrx_word' id='word_1_204' title='bbox 534 2681 571 2728; x_wconf 80' lang='lat' dir='ltr'>tte</span> <span class='ocrx_word' id='word_1_205' title='bbox 581 2681 705 2730; x_wconf 75' lang='lat' dir='ltr'>character</span> <span class='ocrx_word' id='word_1_206' title='bbox 716 2682 745 2746; x_wconf 79' lang='lat' dir='ltr'>of</span> <span class='ocrx_word' id='word_1_207' title='bbox 752 2680 892 2744; x_wconf 57' lang='lat' dir='ltr'>liberalitm</span> 
     </span>
     <span class='ocr_line' id='line_1_32' title="bbox 98 2743 892 2840; baseline 0.005 -51"><span class='ocrx_word' id='word_1_208' title='bbox 98 2757 125 2788; x_wconf 80' lang='lat' dir='ltr'>es</span> <span class='ocrx_word' id='word_1_209' title='bbox 136 2745 216 2840; x_wconf 78' lang='lat' dir='ltr'>opinio</span> <span class='ocrx_word' id='word_1_210' title='bbox 229 2743 357 2808; x_wconf 75' lang='lat' dir='ltr'>probitatis</span> <span class='ocrx_word' id='word_1_211' title='bbox 376 2743 402 2792; x_wconf 94' lang='lat' dir='ltr'>in</span> <span class='ocrx_word' id='word_1_212' title='bbox 420 2745 468 2792; x_wconf 83' lang='lat' dir='ltr'>this</span> <span class='ocrx_word' id='word_1_213' title='bbox 486 2747 663 2807; x_wconf 78' lang='lat' dir='ltr'>chapte13und</span> <span class='ocrx_word' id='word_1_214' title='bbox 678 2747 785 2809; x_wconf 75' lang='lat' dir='ltr'>justitie</span> <span class='ocrx_word' id='word_1_215' title='bbox 803 2746 828 2793; x_wconf 92' lang='lat' dir='ltr'>in</span> <span class='ocrx_word' id='word_1_216' title='bbox 847 2745 892 2794; x_wconf 83' lang='lat' dir='ltr'>the</span> 
     </span>
    </p>
   </div>
   <div class='ocr_carea' id='block_1_4' title="bbox 166 2868 937 2996">
    <p class='ocr_par' dir='ltr' id='par_1_9' title="bbox 166 2868 937 2996">
     <span class='ocr_line' id='line_1_33' title="bbox 166 2868 937 2941; baseline 0.013 -27"><span class='ocrx_word' id='word_1_217' title='bbox 166 2868 417 2941; x_wconf 57' lang='lat' dir='ltr'>lomilium-reapere.</span> <span class='ocrx_word' id='word_1_218' title='bbox 450 2872 570 2918; x_wconf 86' lang='lat' dir='ltr'>“Dicitur</span> <span class='ocrx_word' id='word_1_219' title='bbox 582 2873 896 2936; x_wconf 79' lang='lat' dir='ltr'>nonquiconsuhtrlium,</span> <span class='ocrx_word' id='word_1_220' title='bbox 936 2909 937 2918; x_wconf 44' lang='lat' dir='ltr'>r</span> 
     </span>
     <span class='ocr_line' id='line_1_34' title="bbox 178 2934 937 2996; baseline 0.013 -18"><span class='ocrx_word' id='word_1_221' title='bbox 178 2946 193 2979; x_wconf 89' lang='lat' dir='ltr'>u</span> <span class='ocrx_word' id='word_1_222' title='bbox 205 2947 256 2994; x_wconf 86' lang='lat' dir='ltr'>rpse</span> <span class='ocrx_word' id='word_1_223' title='bbox 267 2934 356 2996; x_wconf 85' lang='lat' dir='ltr'>reperit</span> <span class='ocrx_word' id='word_1_224' title='bbox 367 2935 519 2984; x_wconf 84' lang='lat' dir='ltr'>consilium.”</span> <span class='ocrx_word' id='word_1_225' title='bbox 537 2935 633 2984; x_wconf 81' lang='lat' dir='ltr'>Eresm.</span> <span class='ocrx_word' id='word_1_226' title='bbox 936 2939 937 2960; x_wconf 65' lang='lat'>¹</span> 
     </span>
    </p>
   </div>
   <div class='ocr_carea' id='block_1_5' title="bbox 0 0 958 3222">
    <p class='ocr_par' dir='ltr' id='par_1_10' title="bbox 0 0 958 3222">
     <span class='ocr_line' id='line_1_35' title="bbox 0 0 958 3222; baseline 0 0"><span class='ocrx_word' id='word_1_227' title='bbox 0 0 958 3222; x_wconf 95' lang='lat' dir='ltr'> </span> 
     </span>
    </p>
   </div>
  </div>
 </body>
</html>
