1888 3222
83 211 142 267 att
384 208 433 257 na
450 207 605 257 oeneus.
927 192 931 278 l

126 351 254 425 Itemque
282 352 373 428 magia
403 360 448 410 eet
474 349 630 410 secundum
659 360 800 420 neutram,
827 370 877 428 pro
929 301 931 454 d

87 431 218 490 omnibus
244 431 384 506 gentibue,
412 431 437 488 ei
464 431 526 488 fieri
549 430 648 507 possit,
664 429 874 497 conservandis,

87 519 134 567 aut
149 507 281 585 juvandis
305 510 446 567 maximos
470 509 579 566 labores
604 509 876 582 molestiasqueeue·

78 588 190 663 cipere,
208 588 363 645 imitantem
384 587 538 646 Herculem
563 587 653 654 illum,
678 605 764 659 quem
789 587 875 645 homi

86 683 154 724 num
168 665 252 733 mma,
273 666 474 724 beneficiomm
493 668 630 733 memon*
644 666 673 723 in
687 667 812 726 concilio
826 683 875 723 coe·

85 743 198 802 lentium
213 745 370 812 collocavit,
385 763 469 818 quam
484 743 578 804 vivere
592 745 622 801 in
635 743 801 812 solitudine,
822 763 875 804 non

76 822 171 885 modo
192 825 254 882 eine
267 824 333 882 ullis
349 823 496 890 molestiis,
517 822 567 880 aed
581 823 666 880 etiam
680 823 817 880 maximis
831 841 875 880 vo·

84 899 247 978 luptatibua,
262 902 449 961 abundantem
461 901 593 960 omnibus
602 901 704 977 copiis,
713 902 875 960 utexcellaa

85 981 170 1039 etiam
184 981 391 1058 pulchritudine
405 989 434 1039 et
454 981 570 1038 viribus.
604 979 754 1046 Quocirca
766 981 875 1057 optimo

85 1060 206 1134 quisque
234 1069 263 1119 et
289 1059 518 1137 splendidissimo
543 1058 658 1134 ingenio
684 1057 771 1135 longe
800 1060 876 1117 illam

84 1139 171 1198 uitam
185 1140 252 1198 huic
265 1140 419 1216 anteponit.
457 1139 506 1196 Ex
519 1155 576 1210 quo
584 1136 713 1205 efficitur,
728 1137 876 1196 hominem

85 1228 189 1275 natum
203 1217 391 1286 obedientem,
406 1217 514 1276 homini
530 1233 631 1274 nocere
645 1232 701 1273 non
716 1234 817 1292 posse.

125 1295 235 1354 Deinde
255 1297 305 1367 qui
318 1296 434 1354 alterum
454 1295 552 1376 violat,
561 1303 592 1352 ut
605 1294 667 1370 ipse
678 1293 787 1366 aliquid
802 1313 878 1354 com·
934 1320 935 1362 t

84 1373 162 1432 modi
183 1387 383 1444 consequatur3
405 1382 453 1432 aut
472 1373 545 1431 nihil
563 1391 595 1430 ae
616 1372 760 1430 existimat
779 1383 877 1432 contra

84 1462 210 1510 naturam
222 1451 331 1517 ¹sacere;
352 1462 400 1509 aut
412 1452 502 1527 magio
515 1450 676 1528 fugiendam
689 1461 789 1509 censet
802 1470 876 1510 mor-

84 1539 151 1595 tem,
179 1540 382 1604 paupertatem,
410 1528 547 1598 dolorem,
576 1530 758 1588 amissionem
788 1531 874 1588 etiam

82 1607 243 1674 liberorum,
258 1608 491 1683 propinquorum,
507 1608 670 1676 amicorum,
682 1627 768 1681 quam
781 1608 875 1667 facere

83 1686 206 1761 cuipiam
221 1686 361 1763 injuriam.
403 1686 435 1744 Si
449 1686 522 1744 nihil
534 1686 677 1744 existimat
687 1697 784 1744 contra
795 1697 876 1746 natu·

82 1783 142 1822 ram
155 1764 218 1822 fieri
231 1765 393 1824 hominibus
408 1765 556 1833 violandis,
578 1765 646 1836 quid
656 1783 721 1822 cum
735 1783 771 1823 eo
784 1765 877 1822 disse·

81 1861 137 1911 raa,
151 1844 201 1916 qui
215 1845 331 1904 omnino
342 1845 488 1904 hominem
502 1862 539 1902 cx
551 1843 668 1902 homine
681 1844 777 1902 tollatl
821 1843 876 1902 Sin

81 1921 246 2000 fugiendum
260 1924 289 1981 id
303 1923 418 1996 quidem
430 1932 537 1987 censet,
552 1920 602 1979 ced
616 1921 704 1980 multo
716 1923 764 1980 illa
774 1923 875 1998 peJ'ora

82 2013 212 2070 mortem,
227 2012 427 2079 paupertatem,
442 1999 583 2068 dolorem;
605 1995 678 2058 cerat
690 2001 719 2058 in
734 2019 779 2066 eo,
795 1999 874 2073 quod

81 2079 161 2138 illum
177 2091 224 2137 aut
236 2081 373 2156 corporis,
388 2089 435 2138 aut
448 2079 564 2138 sortunae
574 2078 684 2148 vitium,
696 2079 784 2138 animi
795 2079 874 2136 vitiis

81 2158 193 2233 gravius
204 2158 356 2242 existimat.

82 2283 172 2344 cnP.
185 2284 238 2342 vt.
257 2283 396 2346 Eundem
406 2284 706 2364 eaaeuniuacujooque
716 2284 873 2344 etuniver·

121 2380 222 2422 aarum
247 2363 428 2424 utilitatem:
444 2372 591 2444 precepto
615 2363 654 2423 od
665 2362 873 2442 judicandum

120 2458 187 2501 cum
201 2442 245 2499 doe
259 2441 325 2501 dun
337 2443 482 2502 utilitatea
493 2442 631 2502 uidentur
642 2440 807 2502 contrariae.

119 2552 205 2632 Eneo
218 2571 307 2611 unum
321 2553 403 2612 debet
415 2573 480 2612 esse
494 2555 627 2614 omnibus
641 2553 831 2632 propositum,
841 2564 874 2612 ut

110 2655 397 2732 *Hecataeum—memor.
433 2683 873 2750 Wlomdtareputota'onamoogmen,

77 2744 129 2818 aad
137 2746 177 2796 the
192 2763 297 2813 mmamy
307 2748 335 2810 os
347 2745 445 2810 benqfita
457 2747 589 2812 conferred.
620 2747 638 2796 J
639 2764 682 2798 ure
692 2747 769 2813 igitur
780 2747 873 2814 gravia,

14 2849 15 2854 ,
74 2811 193 2933 dludjdsl'de
209 2812 320 2861 laudibun
336 2811 447 2861 omnium
463 2811 607 2862 eaaetfama
621 2813 783 2864 comendans.
815 2811 874 2874 Cat,
