1882 3216
100 173 140 228 86
378 171 437 248 ΙΒΕ
455 169 607 220 omens,

102 315 264 374 indecorum
279 312 428 380 videretur,
444 314 518 387 qnod
532 333 582 372 eos
598 313 686 370 fuisse
703 314 799 390 juctoe
814 333 887 374 acce·

101 395 206 469 pimus.
234 395 271 451 At
283 394 370 450 Atreo
384 393 504 461 dicente,
521 395 634 470 plausus
647 394 815 452 excitantur.
837 395 888 452 Est

102 473 177 528 enirn
206 471 290 548 digna
316 491 437 546 persona
464 474 561 530 oratio.
611 471 670 529 Sed
694 475 798 546 poetae,
825 472 887 546 qnid

102 569 243 622 quemque
266 550 371 616 deceat,
398 569 434 608 ex
460 570 581 626 persona
604 551 786 625 judicabunt:
809 551 887 609 nobis

102 642 193 685 autern
211 648 357 704 personatu
374 630 580 705 impoenitipea
593 631 700 695 natura,
715 637 888 706 magnacum

102 707 268 765 excellentia
303 710 517 784 praestautiaque
552 708 736 782 animantium
772 709 890 782 reliqua·

101 789 191 843 ruun*

142 865 282 930 Quocirca
295 867 386 940 poetae
401 865 428 922 in
443 883 543 942 magua
554 864 684 920 varietate
696 883 890 940 personarum,

102 944 186 1002 etiarn
201 945 310 1003 vitiosis
326 944 394 1016 quid
408 944 565 1010 conveniat,
578 943 682 1016 etquid
695 943 804 1011 deceat,
818 945 891 1002 vide·

103 1024 188 1081 bunt:
204 1025 285 1082 nobis
294 1037 385 1081 autem
399 1043 463 1081 cum
475 1043 491 1080 a
503 1033 598 1080 natura
609 1023 783 1088 constantiae,
799 1023 890 1080 mode·

101 1104 228 1172 rationis,
239 1105 438 1180 temperantiae,
449 1100 622 1158 verecundiae
636 1113 726 1175 partes
736 1101 808 1158 dotae
818 1104 888 1168 eiut;

102 1199 223 1254 cumque
238 1183 335 1240 eadem
351 1196 446 1239 natura
460 1181 558 1238 doceat
569 1199 625 1236 nou
640 1180 794 1256 negligere,
808 1192 890 1254 quem

102 1261 137 1318 ad
159 1261 272 1318 modurn
294 1279 346 1316 uos
368 1260 499 1316 adversus
516 1259 645 1315 homines
660 1277 813 1334 geramus3
835 1259 890 1316 effi·

102 1339 182 1405 citur,
206 1352 236 1395 ut
260 1349 288 1394 et
312 1337 391 1403 illud,
415 1337 489 1408 qnod
515 1337 549 1393 ad
574 1356 688 1394 omnem
714 1337 889 1396 honestatem

102 1419 232 1491 pertinet,
248 1414 390 1478 decorum,
406 1433 488 1486 quam
504 1414 558 1472 late
573 1415 666 1472 fusum
682 1417 727 1481 sit,
740 1427 888 1493 appaream

37 1523 42 1529 ·
102 1505 131 1552 et
151 1494 215 1562 hoc,
231 1493 306 1564 quod
327 1506 466 1568 spectatur
486 1493 514 1549 iu
535 1513 705 1568 unoquoque
720 1488 824 1570 genere
841 1497 890 1553 vir·

108 1571 183 1629 tutis,
226 1573 266 1630 Ut
285 1573 360 1628 euim
383 1572 560 1647 pulchritudo
581 1574 706 1648 corporis
728 1586 793 1648 apta
818 1593 890 1631 com·

123 1651 243 1709 ositioue
267 1652 454 1708 membrorum
478 1663 574 1708 movet
594 1652 701 1718 oculos,
724 1664 751 1708 et
774 1652 889 1710 delectat

102 1670 158 1787 loc
172 1730 245 1806 ipso,
258 1729 331 1803 quod
345 1730 415 1786 inter
427 1749 457 1787 se
469 1749 568 1788 ornnes
582 1740 672 1805 partes
688 1749 752 1788 cum
768 1731 888 1804 quodam

102 1809 199 1886 lepore
213 1810 408 1868 consentiunt:
432 1811 473 1866 sic
488 1809 541 1865 hoc
556 1808 698 1874 decorum,
712 1809 787 1880 quod
800 1811 888 1868 elucet

102 1889 132 1947 in
147 1889 213 1959 vita,
228 1901 332 1956 movet,
348 1888 577 1965 approbationem
598 1905 705 1956 eorum,
721 1890 888 1961 quibuscum

134 2119 149 2149 *
167 2113 436 2176 Nobis-reliquarum:
452 2121 538 2162 cature
555 2113 647 2178 herself
664 2113 708 2161 loe
731 2113 839 2164 dictmed
852 2113 889 2162 the
931 2099 932 2152 l

103 2177 227 2228 character
238 2177 315 2226 which
326 2193 361 2226 we
377 2195 419 2226 ere
430 2186 453 2227 to
469 2186 515 2238 act,
527 2180 554 2226 iu
565 2195 580 2226 α
592 2178 650 2244 ttgt
667 2177 755 2244 degree
771 2179 889 2244 eccelliag

102 2243 154 2291 thet
165 2243 193 2306 of
205 2242 316 2290 altercer
331 2243 490 2310 animale-‘⁶
500 2244 627 2292 Genitivus
644 2259 723 2303 casus,
734 2237 819 2294 in'hnc
835 2260 888 2309 eyn·

102 2307 160 2366 texi,
172 2307 327 2356 duriusculos
343 2307 461 2368 videtur,'‘
474 2309 612 2358 Facciolati.
640 2309 760 2358 Whether
776 2311 817 2360 the
834 2325 889 2376 geu-

103 2373 145 2420 der
156 2372 185 2420 of
191 2374 352 2420 animantium
365 2374 450 2422 should
461 2375 490 2421 be
499 2391 573 2422 masc.
580 2390 607 2422 or
618 2374 674 2422 fem.
682 2375 703 2422 is
715 2392 730 2423 c
741 2376 888 2436 questionou

102 2437 183 2486 which
193 2438 351 2485 transcribere
363 2440 411 2486 and
420 2439 509 2486 former
521 2441 610 2488 editore
626 2455 691 2487 reem
703 2447 784 2504 pretty
796 2439 888 2503 equally

102 2502 203 2552 divided.
235 2502 290 2550 The
302 2503 358 2551 fem.
370 2505 390 2552 ie
407 2505 509 2565 adopted
525 2506 557 2568 by
568 2506 609 2553 the
626 2505 788 2570 Heusingers,
799 2507 847 2556 and
857 2505 887 2567 by

102 2569 238 2618 Gernhord.
271 2568 358 2617 “Nam
370 2584 427 2617 cum
444 2571 550 2632 (notura)
563 2577 662 2618 caeterae
679 2571 817 2620 animantes
828 2571 889 2634 abje-

103 2633 175 2682 ciseet
186 2635 217 2682 ad
228 2639 332 2694 pastum,
346 2634 424 2681 colum
433 2634 557 2682 homiuem
569 2635 653 2693 erexit,
662 2636 692 2684 ed
702 2636 811 2698 ceolique,
821 2632 888 2698 qumi

102 2697 253 2810 c'pgulgtionie
266 2697 433 2809 glomiciliique
452 2698 555 2762 pristini,
577 2707 733 2762 cuucpectum
754 2698 891 2751 eucitttrii-n

187 2779 228 2828 Eg·
239 2777 255 2810 ¹·
283 2795 289 2808 ·
