1882 3216
292 147 349 194 me
365 147 386 195 1.
403 146 481 197 cns.
498 147 606 196 xxva.
813 151 851 206 aa

65 369 155 428 CAP.
177 365 305 426 XXVII.
338 365 483 436 Quartam
503 366 654 434 uirtutem,
670 367 788 444 expauit
805 368 851 428 Oi-

78 499 84 510 .
104 465 178 511 cero,
190 444 414 522 temperantiam
428 444 534 503 scilicit
542 468 555 514 ,-
570 445 622 503 liae
631 442 692 502 laea
709 447 852 510 contineri

105 525 252 592 decorum,
264 523 342 600 quaa
355 523 391 582 ab
401 522 518 582 noneste
533 541 592 582 non
607 531 694 599 queat
708 525 851 602 separari.

106 681 267 746 Ssaurrun,
289 689 319 737 ut
333 679 367 736 de
387 699 444 738 una
468 680 576 752 reliqua
596 690 673 756 parte
694 680 851 739 honestatis

56 759 214 818 'dicendum
230 758 267 815 sit
279 779 294 822 t,
309 759 338 815 in
353 777 408 830 qua
417 759 593 824 verecundia,
604 770 632 815 et
645 760 725 830 quasi
738 759 851 832 quidam

65 850 179 895 ornatus
200 837 273 903 vitae,
289 839 480 911 temperantia,
497 849 525 894 et
539 837 686 903 modestia,
701 840 851 910 omnisque

64 916 173 973 sedatio
195 915 432 991 perturbationum
454 916 552 982 anian,
581 927 609 972 et
628 933 721 972 rerum
750 916 851 974 modas

64 994 197 1054 cernitur.
238 992 304 1050 liae
324 993 388 1051 luno
410 995 567 1050 continetur
580 993 618 1058 id,
634 991 710 1062 quod
729 993 784 1050 diei
799 994 852 1050 La·

63 1073 123 1130 tine
138 1071 273 1128 decorum
287 1083 400 1146 potest:
424 1071 523 1128 Graeee
545 1071 620 1128 eninr
635 1071 725 1148 agean
741 1070 851 1129 dic-itur.

64 1149 163 1226 Hujus
179 1150 221 1205 vis
235 1168 269 1206 ea
282 1161 334 1217 est,
349 1161 381 1207 ut
399 1151 433 1206 ab
456 1149 574 1206 honesto
588 1166 646 1206 non
668 1159 752 1220 queat
772 1167 852 1224 sepa·

64 1229 130 1285 rari.
172 1227 248 1284 Nam
263 1239 291 1284 et
304 1228 380 1300 qaod
394 1227 484 1295 decet,
496 1227 645 1286 honestum
659 1238 720 1295 est;
736 1236 764 1284 et
777 1227 853 1300 quod

63 1305 216 1364 honestum
232 1317 284 1373 est,
300 1306 389 1362 decet.

103 1382 204 1449 Qualis
226 1394 316 1440 eutem
340 1383 495 1442 differentia
515 1393 543 1441 et
565 1384 678 1442 honesti
698 1392 727 1442 et
747 1383 851 1452 decori,

63 1462 175 1520 facilius
196 1461 323 1538 intelligi,
340 1481 423 1535 quam
445 1463 604 1538 explanari*
620 1470 722 1538 potest.
764 1462 852 1533 Quid·

63 1539 132 1612 qnid
149 1549 193 1596 est
211 1540 297 1607 enim,
313 1539 387 1613 quad
403 1540 507 1609 deceat,
523 1540 551 1597 id
566 1552 625 1600 tam
646 1550 770 1617 apparet,
787 1559 852 1598 eum

63 1628 228 1694 antegressa
255 1626 299 1676 est
317 1619 460 1678 honestas.
506 1617 603 1690 Itaque
630 1637 688 1677 non
707 1620 801 1678 solum
821 1619 852 1676 iu

323 1773 488 1822 CHAPTER
504 1771 610 1820 XXVII.

96 1904 111 1936 ⁸
128 1900 241 1966 Intellege
248 1917 319 1964 quam
326 1902 462 1976 explanari,
478 1901 503 1948 It
514 1900 535 1947 is
545 1899 637 1962 always
646 1905 672 1947 ta
681 1901 710 1948 be
719 1899 852 1962 suspected,

61 1967 137 2016 when
146 1984 162 2015 a
173 1982 231 2014 man
241 1981 321 2014 avows
331 1967 371 2014 hrs
382 1965 493 2029 inability
504 1971 530 2012 to
541 1964 718 2013 communicate
730 1964 768 2012 his
779 1965 853 2024 ideas,

4 2039 5 2042 ’
60 2033 117 2080 that
129 2031 169 2080 his
186 2047 241 2080 own
253 2029 493 2092 comprehensiones
503 2030 571 2076 them
589 2029 663 2077 isnot
679 2031 721 2077 the
731 2035 795 2078 most
806 2029 852 2078 dis-

60 2097 133 2146 tinet.
167 2095 198 2144 In
209 2095 275 2144 what
285 2095 326 2143 the
342 2096 471 2144 differeuee
482 2093 586 2142 consiste
601 2095 709 2143 between
720 2094 762 2143 the
772 2093 852 2144 lanea

59 2169 124 2219 tum,
135 2161 185 2208 and
199 2160 241 2210 the
251 2159 375 2218 ,decorans
393 2176 451 2224 may
466 2159 552 2207 indeed
568 2160 597 2206 be
615 2176 630 2207 a
640 2159 700 2208 little
716 2157 818 2208 difficnlt
827 2165 853 2210 to

59 2226 152 2274 define.
184 2225 239 2273 The
254 2223 376 2272 honestant
387 2224 408 2271 is
420 2223 526 2286 possibly
536 2224 578 2271 the
589 2239 658 2272 sense
670 2225 699 2272 of
711 2225 781 2273 arder
797 2241 852 2274 aon-

60 2291 148 2340 ceived
164 2289 197 2353 by
214 2290 254 2338 the
270 2288 351 2345 mind;
367 2290 408 2336 the
428 2287 545 2345 doenum,
562 2303 588 2335 as
605 2287 624 2336 it
646 2304 746 2350 appears
763 2289 789 2338 iu
806 2295 852 2339 sat.

60 2353 232 2412 Manethon,
243 2353 408 2417 mmmenting
423 2369 455 2400 an
471 2351 519 2400 this
537 2366 646 2416 passage,
662 2353 786 2402 observes:
804 2359 818 2383 “
827 2353 851 2402 id

59 2419 167 2468 fortasse
178 2419 254 2480 possit
264 2434 294 2465 ex
305 2417 351 2465 hae
362 2416 520 2466 similitudine
531 2416 651 2480 intelligi:
668 2419 745 2468 banus
755 2419 852 2467 habitus

59 2483 179 2548 eorporis,
190 2498 234 2532 seu
244 2483 361 2540 valetudo,
372 2485 462 2530 bonum
469 2481 573 2530 solarem
583 2481 679 2546 gignit:
696 2485 775 2532 malus
786 2480 852 2529 habi·

58 2556 113 2606 tus,
124 2547 216 2596 malum
227 2548 338 2596 colorem.
372 2547 411 2596 Ita
425 2548 536 2596 honestas
547 2547 610 2608 parit
625 2548 753 2604 decorum
769 2551 853 2606 estque

58 2615 188 2671 deeomm,
199 2612 295 2661 virtutis
308 2613 372 2660 color
383 2612 488 2674 quidam,
499 2627 543 2660 seu
552 2611 667 2672 speeies.”
700 2612 725 2659 It
740 2613 806 2657 must
822 2608 852 2655 be

58 2677 191 2730 confessori
200 2677 254 2728 thet
261 2678 302 2726 the
311 2676 447 2726 remainder
458 2675 487 2724 oi
492 2676 542 2724 this
550 2674 678 2737 chapteris
688 2676 796 2727 obscure,
802 2670 852 2742 ancl

58 2757 168 2808 appears
186 2749 212 2793 to
230 2741 328 2793 eantain
345 2747 432 2792 matter
443 2739 472 2790 of
488 2747 532 2790 not
546 2755 605 2804 very
624 2738 721 2789 evident
735 2731 851 2798 praenest

57 2807 147 2874 uanty
