1882 3216
312 167 584 224 materaria.
675 130 677 140 ’
778 172 833 232 125

87 312 199 382 Quibus
212 321 304 372 autern
319 315 422 372 artibus
437 324 484 374 aut
493 313 639 392 prudentia
649 315 738 392 major
748 315 832 384 inest,

46 403 172 452 autnon
192 392 341 450 mediocris
361 393 465 452 utilitas
485 395 625 467 quaritur,
639 404 671 452 ut
683 395 832 462 medicina,

45 484 78 531 ut
91 472 282 538 architectura,
297 481 328 529 ut
341 470 466 529 doctrina
478 491 570 530 rerum
584 473 773 540 honestarum,
788 473 832 530 hae

46 561 114 609 sunt
146 550 192 616 iis,
220 568 339 622 quorum
370 550 461 608 ordini
488 552 667 618 conveniunt,
695 554 830 610 honeste.

45 631 207 689 Mercatura
227 641 330 696 autern,
354 629 379 686 si
402 631 493 688 wnuis
515 642 558 688 est
579 630 691 688 sordida
712 630 833 708 putanda

46 719 109 766 est:
131 707 176 764 sin
195 725 297 784 magna
310 709 475 783 etcopiose,
491 708 577 766 multa
596 709 719 782 undique
733 728 834 786 appor-

46 796 109 844 tans
130 785 281 858 multisque
302 786 364 843 sine
377 788 515 844 vanitate*
529 788 703 864 impartiens,
718 797 835 846 nonest

46 863 197 922 admodum
221 865 426 940 vituperandai
463 867 557 939 Atque
581 866 674 934 etiam,
690 866 715 922 si
736 866 834 924 satiata

46 955 165 1016 questu,
185 943 230 1000 vel
251 954 380 1000 contenta
399 943 503 1019 potius,
525 955 556 1002 ut
575 963 650 1020 saepe
671 963 708 1002 ex
728 944 783 1002 alto
803 945 833 1001 in

47 1032 169 1099 portum,
181 1039 218 1079 ex
231 1023 295 1097 ipso
309 1033 390 1098 portu
404 1040 435 1078 se
447 1023 477 1079 in
488 1041 568 1098 agros
581 1023 832 1098 possessionesque

47 1101 173 1168 contulit,
187 1100 296 1158 videtur
311 1101 375 1176 jure
389 1100 497 1176 optimo
511 1119 595 1176 posse
609 1100 723 1158 laudari.
764 1100 833 1157 Om-

47 1181 126 1238 nium
146 1187 238 1237 autem
258 1197 361 1247 rerum,
376 1197 412 1237 ex
431 1179 533 1251 quibus
554 1178 658 1252 aliquid
672 1179 833 1251 adquiritur,

47 1258 119 1316 nibil
140 1269 185 1315 est
206 1258 263 1334 agri
286 1257 393 1316 cultura
412 1257 523 1324 melius,
538 1257 610 1314 nihil
623 1259 746 1325 uberius,
761 1256 833 1316 nihil

47 1336 167 1404 dulcius,
181 1336 254 1394 nihil
269 1334 418 1414 [homine]
432 1336 520 1394 libero
541 1336 663 1412 dignius.
702 1337 747 1394 lle
768 1355 832 1408 qua,

47 1417 182 1486 quoniam
203 1415 233 1472 in
255 1414 365 1472 Catone
378 1415 501 1490 majore‡
514 1415 581 1472 satis
598 1416 685 1474 multa
697 1415 832 1481 diximus,

46 1494 124 1553 illinc
137 1511 275 1562 assumes,
290 1512 352 1566 quae
367 1493 401 1551 ad
415 1493 490 1552 hunc
503 1493 599 1568 locum
612 1495 798 1572 pertinebunt.

76 1687 91 1720 ¹
108 1683 169 1733 Sine
180 1685 300 1732 mature:
317 1681 415 1732 without
420 1682 502 1747 fraud
512 1697 538 1732 or
549 1681 677 1748 deception.

74 1747 439 1812 inferratam—vituperando.
455 1748 512 1796 “De
519 1747 834 1798 merceturainuniversum

45 1815 184 1878 querimus,
195 1815 317 1876 probanda
327 1829 365 1869 an
380 1814 538 1876 improbanda
554 1813 597 1861 sit:
617 1815 638 1862 si
653 1814 776 1876 probanda
791 1820 835 1870 est,

44 1881 151 1945 prosectp
174 1885 225 1928 tam
247 1879 343 1942 probari
365 1877 501 1927 institorem
528 1883 621 1940 opertet
649 1878 691 1940 qui
720 1877 834 1942 cymbam

39 1953 156 1994 onustam
179 1945 266 2007 pipere,
286 1961 360 2006 quam
381 1943 424 2006 qui
446 1942 571 2008 ingentem
592 1943 729 1990 onerariam
748 1956 835 1990 noveru

44 2009 136 2059 ultimis
159 2025 190 2058 ex
212 2009 351 2075 regionibus
373 2009 524 2057 adduxerim
555 2007 707 2072 Calcegnini.
739 2005 835 2070 Bytho

44 2075 181 2140 quelifying
196 2075 303 2136 phrases,
314 2089 413 2137 qnorum
424 2072 505 2122 ordini
516 2073 659 2121 conveniunt
665 2090 675 2131 ,-
691 2086 738 2120 non
754 2071 835 2124 admo,

40 2141 101 2188 dum
113 2139 282 2204 vituperando,
291 2140 311 2188 it
321 2154 422 2201 appears
433 2139 486 2187 that
495 2138 582 2186 Cicero
590 2138 682 2186 viewed
692 2137 760 2190 these
772 2153 799 2184 es
810 2142 836 2185 at

42 2205 263 2268 bestbutplebeian
270 2204 384 2267 pursuits.
416 2202 515 2252 Similes
526 2203 668 2268 preJudices,
680 2218 740 2251 even
751 2202 836 2252 atthis

41 2271 97 2334 day,
109 2271 183 2335 reign
198 2270 225 2318 in
239 2269 372 2334 Germany,
383 2268 432 2318 and
450 2269 477 2318 in
495 2267 596 2337 Franff.
628 2269 711 2318 When
721 2268 763 2317 the
772 2275 836 2317 esta:

42 2335 252 2384 blishedcustoms
259 2335 289 2383 of
292 2341 416 2398 acountry
425 2330 596 2387 exclusionem
605 2333 681 2382 active
689 2334 835 2397 professious

43 2415 61 2448 a
78 2401 244 2450 considerable
264 2399 359 2463 portion
376 2401 407 2448 of
420 2399 451 2447 its
471 2399 578 2458 citizam,
596 2399 706 2464 obliging
725 2400 794 2448 those
811 2399 841 2447 of

42 2465 167 2531 emergetio
187 2465 268 2513 minds
281 2461 311 2514 'to
330 2465 388 2514 seek
408 2463 547 2513 distinction
567 2465 599 2528 by
619 2465 660 2514 the
680 2465 767 2522 sword,
787 2463 835 2511 and

43 2532 154 2596 ereating
173 2536 224 2578 two
242 2530 325 2578 orders
344 2529 371 2578 in
390 2530 431 2578 the
447 2536 516 2588 state,
532 2529 574 2578 the
591 2545 636 2578 one
653 2530 782 2592 despising,
793 2529 835 2576 the

46 2596 111 2645 other
123 2595 239 2660 envyirtg,
250 2596 298 2643 end
311 2595 405 2660 jericus
416 2593 446 2643 of
457 2595 498 2644 the
509 2595 584 2654 orirer,
595 2595 637 2644 the
656 2593 762 2658 politica]
780 2607 835 2639 con-

43 2675 177 2723 eequenoes
188 2666 255 2709 must
265 2660 427 2723 occasionelly
438 2660 467 2708 be
478 2659 528 2708 felt.

77 2725 197 2777 tGotooe
213 2727 311 2789 ntojcre.
342 2725 370 2773 C.
388 2725 424 2773 15.
444 2725 492 2772 aud
511 2724 553 2772 the
573 2721 697 2785 following
716 2720 835 2780 chaptcrs·

48 2789 128 2840 These
144 2791 281 2840 favouroble
296 2789 407 2853 opinions
418 2804 451 2837 on
462 2789 610 2854 egriotdture
619 2783 765 2844 correspond
776 2781 836 2828 with

48 2854 115 2906 uoce
126 2855 158 2904 os
164 2856 224 2904 Hor.
236 2855 313 2918 Epcd.
323 2855 347 2905 2.
358 2852 527 2974 Virgffiorg.
539 2853 576 2900 11.
763 2920 771 2926 .
