<?xml version="1.0" encoding="UTF-8"?>
<!DOCTYPE html PUBLIC "-//W3C//DTD XHTML 1.0 Transitional//EN"
    "http://www.w3.org/TR/xhtml1/DTD/xhtml1-transitional.dtd">
<html xmlns="http://www.w3.org/1999/xhtml" xml:lang="en" lang="en">
 <head>
  <title>
</title>
<meta http-equiv="Content-Type" content="text/html;charset=utf-8" />
  <meta name='ocr-system' content='tesseract 3.04.00' />
  <meta name='ocr-capabilities' content='ocr_page ocr_carea ocr_par ocr_line ocrx_word'/>
</head>
<body>
  <div class='ocr_page' id='page_1' title='image "./deofficiislibri04cicegoog_0079.png"; bbox 0 0 1896 3220; ppageno 0'>
   <div class='ocr_carea' id='block_1_1' title="bbox 87 212 590 276">
    <p class='ocr_par' dir='ltr' id='par_1_1' title="bbox 87 212 590 276">
     <span class='ocr_line' id='line_1_1' title="bbox 87 212 590 276; baseline -0.006 -11"><span class='ocrx_word' id='word_1_1' title='bbox 87 218 124 276; x_wconf 77' lang='grc'>58</span> <span class='ocrx_word' id='word_1_2' title='bbox 374 215 421 266; x_wconf 80' lang='lat' dir='ltr'>DE</span> <span class='ocrx_word' id='word_1_3' title='bbox 439 212 590 266; x_wconf 70' lang='lat' dir='ltr'>bencus.</span> 
     </span>
    </p>
   </div>
   <div class='ocr_carea' id='block_1_2' title="bbox 86 349 872 1060">
    <p class='ocr_par' dir='ltr' id='par_1_2' title="bbox 86 349 872 1060">
     <span class='ocr_line' id='line_1_2' title="bbox 88 349 871 436; baseline -0.003 -18"><span class='ocrx_word' id='word_1_4' title='bbox 88 359 248 432; x_wconf 78' lang='lat' dir='ltr'>Contraque</span> <span class='ocrx_word' id='word_1_5' title='bbox 270 359 300 417; x_wconf 93' lang='lat' dir='ltr'>in</span> <span class='ocrx_word' id='word_1_6' title='bbox 324 358 461 427; x_wconf 85' lang='lat' dir='ltr'><strong>laudibus,</strong></span> <span class='ocrx_word' id='word_1_7' title='bbox 485 377 547 432; x_wconf 83' lang='lat' dir='ltr'>quae</span> <span class='ocrx_word' id='word_1_8' title='bbox 571 374 673 434; x_wconf 85' lang='lat' dir='ltr'>magno</span> <span class='ocrx_word' id='word_1_9' title='bbox 698 356 803 426; x_wconf 89' lang='lat' dir='ltr'>animo,</span> <span class='ocrx_word' id='word_1_10' title='bbox 826 349 871 436; x_wconf 82' lang='lat' dir='ltr'>[et</span> 
     </span>
     <span class='ocr_line' id='line_1_3' title="bbox 88 438 871 516; baseline -0.005 -19"><span class='ocrx_word' id='word_1_11' title='bbox 88 438 193 516; x_wconf 75' lang='lat' dir='ltr'>elato*]</span> <span class='ocrx_word' id='word_1_12' title='bbox 203 438 307 496; x_wconf 84' lang='lat' dir='ltr'>sortiter</span> <span class='ocrx_word' id='word_1_13' title='bbox 320 439 540 510; x_wconf 82' lang='lat' dir='ltr'>excellenterque</span> <span class='ocrx_word' id='word_1_14' title='bbox 552 446 630 513; x_wconf 86' lang='lat' dir='ltr'>gesta</span> <span class='ocrx_word' id='word_1_15' title='bbox 641 445 715 503; x_wconf 87' lang='lat' dir='ltr'>sunt,</span> <span class='ocrx_word' id='word_1_16' title='bbox 727 454 762 498; x_wconf 80' lang='lat' dir='ltr'>ea</span> <span class='ocrx_word' id='word_1_17' title='bbox 771 438 871 494; x_wconf 86' lang='lat' dir='ltr'>nescio</span> 
     </span>
     <span class='ocr_line' id='line_1_4' title="bbox 88 514 871 592; baseline -0.004 -18"><span class='ocrx_word' id='word_1_18' title='bbox 88 537 143 590; x_wconf 93' lang='lat' dir='ltr'>quo</span> <span class='ocrx_word' id='word_1_19' title='bbox 167 516 250 574; x_wconf 90' lang='lat' dir='ltr'>modo</span> <span class='ocrx_word' id='word_1_20' title='bbox 270 519 347 589; x_wconf 86' lang='lat' dir='ltr'>quasi</span> <span class='ocrx_word' id='word_1_21' title='bbox 370 517 494 592; x_wconf 86' lang='lat' dir='ltr'>pleniore</span> <span class='ocrx_word' id='word_1_22' title='bbox 521 534 568 574; x_wconf 90' lang='lat' dir='ltr'>ore</span> <span class='ocrx_word' id='word_1_23' title='bbox 595 514 749 573; x_wconf 86' lang='lat' dir='ltr'>laudamus.</span> <span class='ocrx_word' id='word_1_24' title='bbox 792 514 871 574; x_wconf 89' lang='lat' dir='ltr'>Hinc</span> 
     </span>
     <span class='ocr_line' id='line_1_5' title="bbox 86 593 869 672; baseline -0.005 -19"><span class='ocrx_word' id='word_1_25' title='bbox 86 597 227 653; x_wconf 90' lang='lat' dir='ltr'>rhetorum</span> <span class='ocrx_word' id='word_1_26' title='bbox 237 611 352 672; x_wconf 86' lang='lat' dir='ltr'>campus</span> <span class='ocrx_word' id='word_1_27' title='bbox 362 594 396 651; x_wconf 89' lang='lat' dir='ltr'>dc</span> <span class='ocrx_word' id='word_1_28' title='bbox 404 595 578 660; x_wconf 87' lang='lat' dir='ltr'>Marathone,</span> <span class='ocrx_word' id='word_1_29' title='bbox 586 593 736 660; x_wconf 85' lang='lat' dir='ltr'>Salamine,</span> <span class='ocrx_word' id='word_1_30' title='bbox 744 593 869 660; x_wconf 71' lang='lat' dir='ltr'>Plateis,</span> 
     </span>
     <span class='ocr_line' id='line_1_6' title="bbox 89 669 870 750; baseline -0.005 -20"><span class='ocrx_word' id='word_1_31' title='bbox 89 673 302 750; x_wconf 85' lang='lat' dir='ltr'>Thermopylis,</span> <span class='ocrx_word' id='word_1_32' title='bbox 318 673 462 730; x_wconf 78' lang='lat' dir='ltr'>Leuctris:</span> <span class='ocrx_word' id='word_1_33' title='bbox 485 673 551 732; x_wconf 89' lang='lat' dir='ltr'>hinc</span> <span class='ocrx_word' id='word_1_34' title='bbox 565 681 659 746; x_wconf 82' lang='lat' dir='ltr'>noster</span> <span class='ocrx_word' id='word_1_35' title='bbox 673 669 787 738; x_wconf 83' lang='lat' dir='ltr'>Cocles,</span> <span class='ocrx_word' id='word_1_36' title='bbox 801 672 870 728; x_wconf 90' lang='lat' dir='ltr'>hinc</span> 
     </span>
     <span class='ocr_line' id='line_1_7' title="bbox 88 747 870 825; baseline -0.004 -17"><span class='ocrx_word' id='word_1_37' title='bbox 88 750 180 817; x_wconf 83' lang='lat' dir='ltr'>Decii,</span> <span class='ocrx_word' id='word_1_38' title='bbox 197 752 261 809; x_wconf 88' lang='lat' dir='ltr'>binc</span> <span class='ocrx_word' id='word_1_39' title='bbox 277 751 381 809; x_wconf 82' lang='lat' dir='ltr'>Onaeus</span> <span class='ocrx_word' id='word_1_40' title='bbox 395 760 423 808; x_wconf 86' lang='lat' dir='ltr'>et</span> <span class='ocrx_word' id='word_1_41' title='bbox 436 751 553 809; x_wconf 87' lang='lat' dir='ltr'>Publius</span> <span class='ocrx_word' id='word_1_42' title='bbox 568 751 727 825; x_wconf 81' lang='lat' dir='ltr'>Scipiones,</span> <span class='ocrx_word' id='word_1_43' title='bbox 742 749 811 806; x_wconf 90' lang='lat' dir='ltr'>hinc</span> <span class='ocrx_word' id='word_1_44' title='bbox 826 747 870 806; x_wconf 87' lang='lat' dir='ltr'>M.</span> 
     </span>
     <span class='ocr_line' id='line_1_8' title="bbox 89 828 870 904; baseline -0.004 -17"><span class='ocrx_word' id='word_1_45' title='bbox 89 829 251 896; x_wconf 86' lang='lat' dir='ltr'>Marcellus,</span> <span class='ocrx_word' id='word_1_46' title='bbox 274 829 488 887; x_wconf 87' lang='lat' dir='ltr'>innumerabiles</span> <span class='ocrx_word' id='word_1_47' title='bbox 511 829 576 884; x_wconf 87' lang='lat' dir='ltr'>alii:</span> <span class='ocrx_word' id='word_1_48' title='bbox 606 828 784 899; x_wconf 85' lang='lat' dir='ltr'>maximeque</span> <span class='ocrx_word' id='word_1_49' title='bbox 808 829 870 904; x_wconf 82' lang='lat' dir='ltr'>ipse</span> 
     </span>
     <span class='ocr_line' id='line_1_9' title="bbox 88 905 871 984; baseline -0.003 -20"><span class='ocrx_word' id='word_1_50' title='bbox 88 908 210 984; x_wconf 87' lang='lat' dir='ltr'>populus</span> <span class='ocrx_word' id='word_1_51' title='bbox 241 908 386 966; x_wconf 84' lang='lat' dir='ltr'>Romanus</span> <span class='ocrx_word' id='word_1_52' title='bbox 417 908 503 966; x_wconf 91' lang='lat' dir='ltr'>animi</span> <span class='ocrx_word' id='word_1_53' title='bbox 531 906 719 984; x_wconf 82' lang='lat' dir='ltr'>magnitudine</span> <span class='ocrx_word' id='word_1_54' title='bbox 747 905 871 962; x_wconf 86' lang='lat' dir='ltr'>excellit.</span> 
     </span>
     <span class='ocr_line' id='line_1_10' title="bbox 89 981 872 1060; baseline -0.004 -18"><span class='ocrx_word' id='word_1_55' title='bbox 89 985 252 1046; x_wconf 86' lang='lat' dir='ltr'>Declaratur</span> <span class='ocrx_word' id='word_1_56' title='bbox 273 998 364 1044; x_wconf 89' lang='lat' dir='ltr'>autem</span> <span class='ocrx_word' id='word_1_57' title='bbox 390 986 512 1044; x_wconf 73' lang='lat' dir='ltr'>cnidium</span> <span class='ocrx_word' id='word_1_58' title='bbox 535 984 642 1042; x_wconf 82' lang='lat' dir='ltr'>bellica</span> <span class='ocrx_word' id='word_1_59' title='bbox 667 983 772 1060; x_wconf 83' lang='lat' dir='ltr'>gloriae,</span> <span class='ocrx_word' id='word_1_60' title='bbox 794 981 872 1056; x_wconf 91' lang='lat' dir='ltr'>quod</span> 
     </span>
    </p>
   </div>
   <div class='ocr_carea' id='block_1_3' title="bbox 87 1061 799 1170">
    <p class='ocr_par' dir='ltr' id='par_1_3' title="bbox 87 1061 799 1170">
     <span class='ocr_line' id='line_1_11' title="bbox 87 1061 799 1170; baseline -0.003 -49"><span class='ocrx_word' id='word_1_61' title='bbox 87 1074 190 1123; x_wconf 71' lang='lat' dir='ltr'>statuam</span> <span class='ocrx_word' id='word_1_62' title='bbox 204 1083 316 1140; x_wconf 90' lang='lat' dir='ltr'>quoque</span> <span class='ocrx_word' id='word_1_63' title='bbox 330 1064 456 1124; x_wconf 87' lang='lat' dir='ltr'>videmus</span> <span class='ocrx_word' id='word_1_64' title='bbox 471 1073 567 1122; x_wconf 88' lang='lat' dir='ltr'>ornatu</span> <span class='ocrx_word' id='word_1_65' title='bbox 580 1061 638 1120; x_wconf 90' lang='lat' dir='ltr'>fere</span> <span class='ocrx_word' id='word_1_66' title='bbox 653 1062 773 1120; x_wconf 86' lang='lat' dir='ltr'>militari.</span> <span class='ocrx_word' id='word_1_67' title='bbox 789 1143 799 1170; x_wconf 32' lang='grc' dir='ltr'>κ</span> 
     </span>
    </p>
   </div>
   <div class='ocr_carea' id='block_1_4' title="bbox 89 1253 939 1394">
    <p class='ocr_par' dir='ltr' id='par_1_4' title="bbox 89 1253 939 1394">
     <span class='ocr_line' id='line_1_12' title="bbox 89 1253 939 1394; baseline 0 -80"><span class='ocrx_word' id='word_1_68' title='bbox 89 1255 178 1316; x_wconf 80' lang='grc' dir='ltr'><strong>ΟΑΡ.</strong></span> <span class='ocrx_word' id='word_1_69' title='bbox 198 1258 279 1315; x_wconf 89' lang='lat' dir='ltr'><strong>XIX.</strong></span> <span class='ocrx_word' id='word_1_70' title='bbox 325 1255 705 1334; x_wconf 58' lang='lat' dir='ltr'>Tauromenumque</span> <span class='ocrx_word' id='word_1_71' title='bbox 727 1263 789 1316; x_wconf 84' lang='lat' dir='ltr'>erat</span> <span class='ocrx_word' id='word_1_72' title='bbox 802 1253 871 1394; x_wconf 56' lang='lat' dir='ltr'>{or-</span> <span class='ocrx_word' id='word_1_73' title='bbox 938 1301 939 1350; x_wconf 27' lang='lat' dir='ltr'>q</span> 
     </span>
    </p>
   </div>
   <div class='ocr_carea' id='block_1_5' title="bbox 126 1333 871 1494">
    <p class='ocr_par' dir='ltr' id='par_1_5' title="bbox 126 1333 871 1494">
     <span class='ocr_line' id='line_1_13' title="bbox 126 1333 871 1412; baseline 0.005 -21"><span class='ocrx_word' id='word_1_74' title='bbox 126 1333 231 1402; x_wconf 81' lang='lat' dir='ltr'>titudo,</span> <span class='ocrx_word' id='word_1_75' title='bbox 247 1334 385 1410; x_wconf 79' lang='lat' dir='ltr'>proponit</span> <span class='ocrx_word' id='word_1_76' title='bbox 407 1334 523 1392; x_wconf 83' lang='lat' dir='ltr'>Cicero.-</span> <span class='ocrx_word' id='word_1_77' title='bbox 544 1353 617 1412; x_wconf 79' lang='lat' dir='ltr'>quos</span> <span class='ocrx_word' id='word_1_78' title='bbox 631 1336 753 1394; x_wconf 80' lang='lat' dir='ltr'>uirtutes</span> <span class='ocrx_word' id='word_1_79' title='bbox 768 1335 802 1394; x_wconf 81' lang='lat' dir='ltr'>de</span> <span class='ocrx_word' id='word_1_80' title='bbox 823 1341 871 1395; x_wconf 77' lang='lat' dir='ltr'>cot</span> 
     </span>
     <span class='ocr_line' id='line_1_14' title="bbox 126 1410 811 1494; baseline 0.001 -24"><span class='ocrx_word' id='word_1_81' title='bbox 126 1411 229 1470; x_wconf 70' lang='lat' dir='ltr'>trabere</span> <span class='ocrx_word' id='word_1_82' title='bbox 244 1410 381 1470; x_wconf 82' lang='lat' dir='ltr'>comiter:</span> <span class='ocrx_word' id='word_1_83' title='bbox 402 1412 508 1490; x_wconf 80' lang='lat' dir='ltr'>quibua</span> <span class='ocrx_word' id='word_1_84' title='bbox 521 1413 604 1473; x_wconf 71' lang='lat' dir='ltr'>vitiis</span> <span class='ocrx_word' id='word_1_85' title='bbox 615 1413 697 1494; x_wconf 81' lang='lat' dir='ltr'>infici</span> <span class='ocrx_word' id='word_1_86' title='bbox 711 1412 811 1474; x_wconf 82' lang='lat' dir='ltr'>soleat.</span> 
     </span>
    </p>
   </div>
   <div class='ocr_carea' id='block_1_6' title="bbox 87 1567 872 2041">
    <p class='ocr_par' dir='ltr' id='par_1_6' title="bbox 87 1567 872 2041">
     <span class='ocr_line' id='line_1_15' title="bbox 128 1567 872 1648; baseline 0.008 -24"><span class='ocrx_word' id='word_1_87' title='bbox 128 1567 188 1624; x_wconf 80' lang='lat' dir='ltr'>Suo</span> <span class='ocrx_word' id='word_1_88' title='bbox 202 1585 236 1624; x_wconf 90' lang='lat' dir='ltr'>ea</span> <span class='ocrx_word' id='word_1_89' title='bbox 249 1567 334 1626; x_wconf 88' lang='lat' dir='ltr'>animi</span> <span class='ocrx_word' id='word_1_90' title='bbox 347 1567 440 1638; x_wconf 86' lang='lat' dir='ltr'>elatio,</span> <span class='ocrx_word' id='word_1_91' title='bbox 449 1587 510 1642; x_wconf 84' lang='lat' dir='ltr'>quae</span> <span class='ocrx_word' id='word_1_92' title='bbox 524 1570 645 1628; x_wconf 87' lang='lat' dir='ltr'>cernitur</span> <span class='ocrx_word' id='word_1_93' title='bbox 657 1570 687 1629; x_wconf 89' lang='lat' dir='ltr'>in</span> <span class='ocrx_word' id='word_1_94' title='bbox 698 1570 831 1648; x_wconf 85' lang='lat' dir='ltr'>periculis</span> <span class='ocrx_word' id='word_1_95' title='bbox 842 1579 872 1630; x_wconf 90' lang='lat' dir='ltr'>et</span> 
     </span>
     <span class='ocr_line' id='line_1_16' title="bbox 88 1645 871 1726; baseline 0.008 -24"><span class='ocrx_word' id='word_1_96' title='bbox 88 1645 236 1713; x_wconf 77' lang='lat' dir='ltr'>laboribus,</span> <span class='ocrx_word' id='word_1_97' title='bbox 262 1648 287 1706; x_wconf 86' lang='lat' dir='ltr'>sl</span> <span class='ocrx_word' id='word_1_98' title='bbox 309 1648 419 1724; x_wconf 87' lang='lat' dir='ltr'>justitia</span> <span class='ocrx_word' id='word_1_99' title='bbox 444 1658 523 1706; x_wconf 81' lang='lat' dir='ltr'>vacat</span> <span class='ocrx_word' id='word_1_100' title='bbox 550 1659 707 1726; x_wconf 83' lang='lat' dir='ltr'>pugnatque</span> <span class='ocrx_word' id='word_1_101' title='bbox 735 1667 792 1706; x_wconf 92' lang='lat' dir='ltr'>non</span> <span class='ocrx_word' id='word_1_102' title='bbox 817 1667 871 1725; x_wconf 90' lang='lat' dir='ltr'>pro</span> 
     </span>
     <span class='ocr_line' id='line_1_17' title="bbox 88 1725 871 1804; baseline 0.006 -23"><span class='ocrx_word' id='word_1_103' title='bbox 88 1725 176 1782; x_wconf 80' lang='lat' dir='ltr'>salute</span> <span class='ocrx_word' id='word_1_104' title='bbox 196 1727 348 1795; x_wconf 86' lang='lat' dir='ltr'>communi,</span> <span class='ocrx_word' id='word_1_105' title='bbox 364 1728 412 1785; x_wconf 87' lang='lat' dir='ltr'>sed</span> <span class='ocrx_word' id='word_1_106' title='bbox 434 1747 484 1804; x_wconf 93' lang='lat' dir='ltr'>pro</span> <span class='ocrx_word' id='word_1_107' title='bbox 501 1727 560 1785; x_wconf 83' lang='lat' dir='ltr'>suis</span> <span class='ocrx_word' id='word_1_108' title='bbox 574 1727 741 1794; x_wconf 83' lang='lat' dir='ltr'>commodis,</span> <span class='ocrx_word' id='word_1_109' title='bbox 756 1727 786 1784; x_wconf 92' lang='lat' dir='ltr'>in</span> <span class='ocrx_word' id='word_1_110' title='bbox 799 1729 871 1786; x_wconf 88' lang='lat' dir='ltr'>vitio</span> 
     </span>
     <span class='ocr_line' id='line_1_18' title="bbox 87 1803 871 1872; baseline 0.005 -12"><span class='ocrx_word' id='word_1_111' title='bbox 87 1814 140 1860; x_wconf 85' lang='lat' dir='ltr'>est.</span> <span class='ocrx_word' id='word_1_112' title='bbox 180 1803 208 1862; x_wconf 90' lang='lat' dir='ltr'>N</span> <span class='ocrx_word' id='word_1_113' title='bbox 211 1823 249 1862; x_wconf 91' lang='lat' dir='ltr'>on</span> <span class='ocrx_word' id='word_1_114' title='bbox 263 1806 338 1863; x_wconf 90' lang='lat' dir='ltr'>enim</span> <span class='ocrx_word' id='word_1_115' title='bbox 353 1805 437 1865; x_wconf 89' lang='lat' dir='ltr'>modo</span> <span class='ocrx_word' id='word_1_116' title='bbox 451 1807 480 1864; x_wconf 93' lang='lat' dir='ltr'>id</span> <span class='ocrx_word' id='word_1_117' title='bbox 495 1806 602 1863; x_wconf 86' lang='lat' dir='ltr'>virtutis</span> <span class='ocrx_word' id='word_1_118' title='bbox 616 1824 673 1863; x_wconf 93' lang='lat' dir='ltr'>non</span> <span class='ocrx_word' id='word_1_119' title='bbox 687 1815 739 1872; x_wconf 88' lang='lat' dir='ltr'>est,</span> <span class='ocrx_word' id='word_1_120' title='bbox 754 1803 805 1862; x_wconf 89' lang='lat' dir='ltr'>sed</span> <span class='ocrx_word' id='word_1_121' title='bbox 826 1814 871 1864; x_wconf 88' lang='lat' dir='ltr'>est</span> 
     </span>
     <span class='ocr_line' id='line_1_19' title="bbox 87 1881 871 1960; baseline 0.004 -21"><span class='ocrx_word' id='word_1_122' title='bbox 87 1881 181 1958; x_wconf 88' lang='lat' dir='ltr'>potius</span> <span class='ocrx_word' id='word_1_123' title='bbox 204 1883 394 1954; x_wconf 88' lang='lat' dir='ltr'>immanitatis,</span> <span class='ocrx_word' id='word_1_124' title='bbox 417 1904 531 1944; x_wconf 90' lang='lat' dir='ltr'>omnem</span> <span class='ocrx_word' id='word_1_125' title='bbox 554 1884 754 1942; x_wconf 89' lang='lat' dir='ltr'>humanitatem</span> <span class='ocrx_word' id='word_1_126' title='bbox 777 1883 871 1960; x_wconf 89' lang='lat' dir='ltr'>repel-</span> 
     </span>
     <span class='ocr_line' id='line_1_20' title="bbox 87 1959 868 2041; baseline 0.005 -24"><span class='ocrx_word' id='word_1_127' title='bbox 87 1959 181 2019; x_wconf 85' lang='lat' dir='ltr'>lentis.</span> <span class='ocrx_word' id='word_1_128' title='bbox 222 1961 318 2037; x_wconf 89' lang='lat' dir='ltr'>ltaque</span> <span class='ocrx_word' id='word_1_129' title='bbox 332 1966 419 2041; x_wconf 91' lang='lat' dir='ltr'>probe</span> <span class='ocrx_word' id='word_1_130' title='bbox 432 1964 563 2022; x_wconf 87' lang='lat' dir='ltr'>delinitur</span> <span class='ocrx_word' id='word_1_131' title='bbox 577 1981 594 2018; x_wconf 89' lang='lat' dir='ltr'>a</span> <span class='ocrx_word' id='word_1_132' title='bbox 607 1961 710 2020; x_wconf 84' lang='lat' dir='ltr'>Stoicis</span> <span class='ocrx_word' id='word_1_133' title='bbox 723 1960 868 2030; x_wconf 81' lang='lat' dir='ltr'>fortitudo,</span> 
     </span>
    </p>
   </div>
   <div class='ocr_carea' id='block_1_7' title="bbox 85 2131 874 2588">
    <p class='ocr_par' dir='ltr' id='par_1_7' title="bbox 85 2131 874 2588">
     <span class='ocr_line' id='line_1_21' title="bbox 86 2131 872 2202; baseline 0.005 -23"><span class='ocrx_word' id='word_1_134' title='bbox 86 2131 281 2192; x_wconf 78' lang='lat' dir='ltr'>Halicarnassus,</span> <span class='ocrx_word' id='word_1_135' title='bbox 292 2136 340 2184; x_wconf 89' lang='lat' dir='ltr'>and</span> <span class='ocrx_word' id='word_1_136' title='bbox 357 2153 372 2184; x_wconf 87' lang='lat' dir='ltr'>a</span> <span class='ocrx_word' id='word_1_137' title='bbox 386 2138 480 2202; x_wconf 86' lang='lat' dir='ltr'>nymph</span> <span class='ocrx_word' id='word_1_138' title='bbox 490 2138 546 2187; x_wconf 85' lang='lat' dir='ltr'>who</span> <span class='ocrx_word' id='word_1_139' title='bbox 562 2134 694 2199; x_wconf 85' lang='lat' dir='ltr'>habituelly</span> <span class='ocrx_word' id='word_1_140' title='bbox 705 2133 794 2183; x_wconf 82' lang='lat' dir='ltr'>bathed</span> <span class='ocrx_word' id='word_1_141' title='bbox 805 2134 833 2183; x_wconf 91' lang='lat' dir='ltr'>in</span> <span class='ocrx_word' id='word_1_142' title='bbox 846 2135 872 2194; x_wconf 82' lang='lat' dir='ltr'>il,</span> 
     </span>
     <span class='ocr_line' id='line_1_22' title="bbox 87 2197 874 2265; baseline 0.004 -21"><span class='ocrx_word' id='word_1_143' title='bbox 87 2197 143 2244; x_wconf 91' lang='lat' dir='ltr'>bore</span> <span class='ocrx_word' id='word_1_144' title='bbox 155 2197 196 2245; x_wconf 89' lang='lat' dir='ltr'>the</span> <span class='ocrx_word' id='word_1_145' title='bbox 207 2213 279 2246; x_wconf 83' lang='lat' dir='ltr'>narne</span> <span class='ocrx_word' id='word_1_146' title='bbox 290 2199 320 2246; x_wconf 85' lang='lat' dir='ltr'>of</span> <span class='ocrx_word' id='word_1_147' title='bbox 330 2199 456 2250; x_wconf 67' lang='lat' dir='ltr'>Salmacis.</span> <span class='ocrx_word' id='word_1_148' title='bbox 489 2203 675 2265; x_wconf 84' lang='lat' dir='ltr'>Metamorphos.</span> <span class='ocrx_word' id='word_1_149' title='bbox 687 2200 718 2248; x_wconf 86' lang='lat' dir='ltr'>iv.</span> <span class='ocrx_word' id='word_1_150' title='bbox 729 2199 784 2247; x_wconf 80' lang='lat'><strong>285.</strong></span> <span class='ocrx_word' id='word_1_151' title='bbox 817 2199 874 2248; x_wconf 84' lang='lat' dir='ltr'>The</span> 
     </span>
     <span class='ocr_line' id='line_1_23' title="bbox 86 2261 873 2331; baseline 0.004 -23"><span class='ocrx_word' id='word_1_152' title='bbox 86 2277 129 2309; x_wconf 84' lang='lat' dir='ltr'>use</span> <span class='ocrx_word' id='word_1_153' title='bbox 140 2261 170 2309; x_wconf 86' lang='lat' dir='ltr'>of</span> <span class='ocrx_word' id='word_1_154' title='bbox 180 2262 212 2309; x_wconf 86' lang='lat' dir='ltr'>its</span> <span class='ocrx_word' id='word_1_155' title='bbox 223 2269 310 2310; x_wconf 86' lang='lat' dir='ltr'>waters</span> <span class='ocrx_word' id='word_1_156' title='bbox 321 2280 372 2312; x_wconf 84' lang='lat' dir='ltr'>was</span> <span class='ocrx_word' id='word_1_157' title='bbox 383 2269 535 2328; x_wconf 84' lang='lat' dir='ltr'>represented</span> <span class='ocrx_word' id='word_1_158' title='bbox 551 2269 584 2331; x_wconf 85' lang='lat' dir='ltr'>by</span> <span class='ocrx_word' id='word_1_159' title='bbox 594 2269 636 2316; x_wconf 90' lang='lat' dir='ltr'>the</span> <span class='ocrx_word' id='word_1_160' title='bbox 651 2272 718 2328; x_wconf 86' lang='lat' dir='ltr'>poeta</span> <span class='ocrx_word' id='word_1_161' title='bbox 729 2281 756 2312; x_wconf 82' lang='lat' dir='ltr'>aa</span> <span class='ocrx_word' id='word_1_162' title='bbox 767 2263 873 2329; x_wconf 81' lang='lat' dir='ltr'>making</span> 
     </span>
     <span class='ocr_line' id='line_1_24' title="bbox 86 2326 873 2394; baseline 0.006 -22"><span class='ocrx_word' id='word_1_163' title='bbox 86 2341 143 2372; x_wconf 91' lang='lat' dir='ltr'>men</span> <span class='ocrx_word' id='word_1_164' title='bbox 164 2326 312 2375; x_wconf 84' lang='lat' dir='ltr'>effeminate:</span> <span class='ocrx_word' id='word_1_165' title='bbox 336 2329 412 2377; x_wconf 89' lang='lat' dir='ltr'>hence</span> <span class='ocrx_word' id='word_1_166' title='bbox 431 2332 471 2379; x_wconf 88' lang='lat' dir='ltr'>the</span> <span class='ocrx_word' id='word_1_167' title='bbox 487 2331 615 2394; x_wconf 80' lang='lat' dir='ltr'>apellation</span> <span class='ocrx_word' id='word_1_168' title='bbox 630 2346 682 2379; x_wconf 82' lang='lat' dir='ltr'>was</span> <span class='ocrx_word' id='word_1_169' title='bbox 701 2329 817 2393; x_wconf 82' lang='lat' dir='ltr'>probably</span> <span class='ocrx_word' id='word_1_170' title='bbox 834 2330 873 2377; x_wconf 91' lang='lat' dir='ltr'>be-</span> 
     </span>
     <span class='ocr_line' id='line_1_25' title="bbox 86 2391 874 2458; baseline 0.006 -20"><span class='ocrx_word' id='word_1_171' title='bbox 86 2391 176 2438; x_wconf 80' lang='lat' dir='ltr'>stowed</span> <span class='ocrx_word' id='word_1_172' title='bbox 196 2392 352 2457; x_wconf 85' lang='lat' dir='ltr'>proverbially</span> <span class='ocrx_word' id='word_1_173' title='bbox 369 2410 401 2441; x_wconf 92' lang='lat' dir='ltr'>on</span> <span class='ocrx_word' id='word_1_174' title='bbox 420 2411 477 2443; x_wconf 88' lang='lat' dir='ltr'>men</span> <span class='ocrx_word' id='word_1_175' title='bbox 496 2396 526 2443; x_wconf 90' lang='lat' dir='ltr'>of</span> <span class='ocrx_word' id='word_1_176' title='bbox 542 2395 668 2458; x_wconf 84' lang='lat' dir='ltr'>suspected</span> <span class='ocrx_word' id='word_1_177' title='bbox 687 2409 799 2458; x_wconf 80' lang='lat' dir='ltr'>courage,</span> <span class='ocrx_word' id='word_1_178' title='bbox 816 2393 874 2443; x_wconf 88' lang='lat' dir='ltr'>who</span> 
     </span>
     <span class='ocr_line' id='line_1_26' title="bbox 85 2454 873 2588; baseline 0.008 -20"><span class='ocrx_word' id='word_1_179' title='bbox 85 2454 592 2588; x_wconf 53' lang='lat' dir='ltr'>tltltbtttltltttltrtgthlt</span> <span class='ocrx_word' id='word_1_180' title='bbox 603 2456 873 2524; x_wconf 54' lang='lat' dir='ltr'>ffi⁰³¹⁸⁹⁰i¹⁸⁸⁸⁸&#39;¹“‘“¹</span> 
     </span>
    </p>
   </div>
   <div class='ocr_carea' id='block_1_8' title="bbox 117 2571 938 2652">
    <p class='ocr_par' dir='ltr' id='par_1_8' title="bbox 117 2571 938 2652">
     <span class='ocr_line' id='line_1_27' title="bbox 117 2571 938 2652; baseline 0.011 -20"><span class='ocrx_word' id='word_1_181' title='bbox 117 2588 132 2618; x_wconf 75' lang='lat'><em>*</em></span> <span class='ocrx_word' id='word_1_182' title='bbox 149 2585 228 2633; x_wconf 76' lang='lat' dir='ltr'>Eiuro.</span> <span class='ocrx_word' id='word_1_183' title='bbox 251 2585 313 2634; x_wconf 81' lang='lat' dir='ltr'>This</span> <span class='ocrx_word' id='word_1_184' title='bbox 325 2589 398 2646; x_wconf 84' lang='lat' dir='ltr'>word,</span> <span class='ocrx_word' id='word_1_185' title='bbox 409 2589 489 2637; x_wconf 88' lang='lat' dir='ltr'>whlch</span> <span class='ocrx_word' id='word_1_186' title='bbox 501 2589 541 2637; x_wconf 88' lang='lat' dir='ltr'>the</span> <span class='ocrx_word' id='word_1_187' title='bbox 552 2589 704 2652; x_wconf 75' lang='lat' dir='ltr'>Heusingers</span> <span class='ocrx_word' id='word_1_188' title='bbox 715 2587 834 2638; x_wconf 84' lang='lat' dir='ltr'>excluded</span> <span class='ocrx_word' id='word_1_189' title='bbox 845 2590 873 2640; x_wconf 85' lang='lat' dir='ltr'>in</span> <span class='ocrx_word' id='word_1_190' title='bbox 937 2571 938 2614; x_wconf 49' lang='lat' dir='ltr'>i</span> 
     </span>
    </p>
   </div>
   <div class='ocr_carea' id='block_1_9' title="bbox 85 2651 938 2766">
    <p class='ocr_par' dir='ltr' id='par_1_9' title="bbox 85 2651 938 2766">
     <span class='ocr_line' id='line_1_28' title="bbox 85 2651 938 2728; baseline 0.009 -31"><span class='ocrx_word' id='word_1_191' title='bbox 85 2665 101 2696; x_wconf 83' lang='lat' dir='ltr'>a</span> <span class='ocrx_word' id='word_1_192' title='bbox 116 2651 246 2725; x_wconf 77' lang='lat' dir='ltr'>preceding</span> <span class='ocrx_word' id='word_1_193' title='bbox 262 2652 404 2728; x_wconf 61' lang='lat' dir='ltr'>paragraph,</span> <span class='ocrx_word' id='word_1_194' title='bbox 420 2653 448 2727; x_wconf 75' lang='lat' dir='ltr'>is,</span> <span class='ocrx_word' id='word_1_195' title='bbox 464 2654 491 2701; x_wconf 86' lang='lat' dir='ltr'>in</span> <span class='ocrx_word' id='word_1_196' title='bbox 507 2654 569 2702; x_wconf 83' lang='lat' dir='ltr'>their</span> <span class='ocrx_word' id='word_1_197' title='bbox 585 2653 683 2709; x_wconf 84' lang='lat' dir='ltr'>edition,</span> <span class='ocrx_word' id='word_1_198' title='bbox 694 2651 752 2702; x_wconf 88' lang='lat' dir='ltr'>here</span> <span class='ocrx_word' id='word_1_199' title='bbox 762 2651 873 2704; x_wconf 78' lang='lat' dir='ltr'>inserted</span> <span class='ocrx_word' id='word_1_200' title='bbox 937 2685 938 2714; x_wconf 71' lang='lat'><em>3</em></span> 
     </span>
     <span class='ocr_line' id='line_1_29' title="bbox 85 2713 938 2766; baseline 0.012 -7"><span class='ocrx_word' id='word_1_201' title='bbox 85 2728 117 2760; x_wconf 89' lang='lat' dir='ltr'>on</span> <span class='ocrx_word' id='word_1_202' title='bbox 128 2715 169 2763; x_wconf 81' lang='lat' dir='ltr'>the</span> <span class='ocrx_word' id='word_1_203' title='bbox 180 2714 240 2764; x_wconf 80' lang='lat' dir='ltr'>sarth</span> <span class='ocrx_word' id='word_1_204' title='bbox 251 2713 280 2762; x_wconf 79' lang='lat' dir='ltr'>of</span> <span class='ocrx_word' id='word_1_205' title='bbox 287 2724 383 2765; x_wconf 81' lang='lat' dir='ltr'>ancient</span> <span class='ocrx_word' id='word_1_206' title='bbox 393 2719 488 2766; x_wconf 79' lang='lat' dir='ltr'>editore.</span> <span class='ocrx_word' id='word_1_207' title='bbox 937 2723 938 2758; x_wconf 78' lang='lat' dir='ltr'>l</span> 
     </span>
    </p>
   </div>
   <div class='ocr_carea' id='block_1_10' title="bbox 0 0 952 3220">
    <p class='ocr_par' dir='ltr' id='par_1_10' title="bbox 0 0 952 3220">
     <span class='ocr_line' id='line_1_30' title="bbox 0 0 952 3220; baseline 0 0"><span class='ocrx_word' id='word_1_208' title='bbox 0 0 952 3220; x_wconf 95' lang='lat' dir='ltr'> </span> 
     </span>
    </p>
   </div>
  </div>
 </body>
</html>
