1882 3216
93 193 133 250 76
379 189 428 236 DE
445 184 598 236 osricus.

93 340 199 392 umere
212 348 277 390 eum
291 327 489 407 Epaminonda
501 326 687 393 conflixisset,
702 324 888 385 Lacedaemo-

93 412 205 470 niorum
229 427 299 484 opes
321 418 491 466 corruerunt.
526 407 644 472 Quanto
669 405 707 473 Q.
733 405 885 464 Maximus

94 488 216 548 meliust
237 487 271 544 de
286 505 342 559 quo
356 487 482 544 Ennius:

134 567 216 624 Unus
230 566 317 623 homo
331 565 412 622 nobis
426 561 582 622 eunetaudo
594 562 716 620 restituit
729 581 800 619 rem.

135 643 204 702 Non
216 645 339 721 ponebat
352 643 429 701 enim
442 659 569 699 rumores
584 650 647 698 ante
662 641 811 698 salutern!

135 721 213 798 Ergo
226 730 356 798 postque,
370 721 526 796 magisque,
540 719 592 776 viri
601 737 677 778 nuno
688 717 882 794 gloriaelaet

96 799 181 866 Quod
193 818 281 876 genus
295 798 430 875 peccandi
443 796 585 856 vitandum
600 806 644 854 est
657 798 741 854 etiarn
752 795 784 854 in
795 797 883 854 rebus

94 878 218 936 urbanis.
240 878 312 936 Sunt
320 878 406 945 enim,
416 877 474 949 qui,
482 875 557 948 quod
566 875 887 950 sentiuutetiarusiop·

95 956 195 1016 timum
205 957 253 1026 sit,
267 965 361 1016 umen
371 955 484 1015 invidie
495 962 572 1014 metu
582 972 641 1013 non
651 952 767 1015 audenti
777 951 883 1011 disere.

125 1198 268 1248 *Salutem
298 1197 509 1260 'l'othispssnge
524 1193 884 1259 liupalsoalludesdihm.

92 1261 133 1314 26.
147 1264 238 1313 “Nihil
249 1263 338 1312 certius
348 1277 422 1324 quam
436 1275 514 1310 uuum
529 1259 653 1310 hominem
663 1259 734 1308 nobis
744 1260 884 1320 eunetando

93 1343 146 1376 rem
156 1327 296 1382 restituisse,
307 1326 371 1373 siout
382 1325 478 1373 Ennius
489 1325 546 1372 nit.”
677 1377 679 1382 ,

126 1390 205 1442 †Non
215 1389 312 1437 audeat.
345 1389 377 1438 Iu
394 1389 435 1437 the
454 1396 552 1452 present
570 1389 688 1447 instance,
702 1389 751 1436 aud
762 1388 790 1437 in
801 1389 883 1440 others

93 1454 193 1513 similar,
200 1454 281 1503 where
292 1459 349 1501 aum
360 1454 401 1516 qui
413 1453 434 1502 is
446 1453 555 1502 followed
566 1455 599 1518 by
610 1471 625 1503 a
636 1457 695 1504 verb
700 1453 728 1501 in
739 1454 781 1502 the
791 1453 884 1502 indica-

93 1519 148 1594 tive,
160 1518 257 1568 Ernesti
268 1518 312 1566 has
324 1517 414 1594 altered
425 1518 445 1567 it
455 1519 506 1566 into
516 1519 557 1568 the
566 1520 725 1584 subjtmctive.
746 1518 770 1567 J.
780 1517 809 1566 F.
815 1519 884 1568 Heu-

52 1637 54 1640 ·
92 1583 883 1711 insensualitassufflatus

92 1714 192 1762 tenonis
203 1713 292 1777 simple
300 1716 347 1763 and
358 1714 473 1772 absolute,
483 1714 586 1763 without
597 1715 671 1762 doubt
681 1730 708 1762 or
725 1729 831 1771 reserva
842 1714 882 1762 the

93 1778 222 1827 indicative
239 1779 261 1828 is
280 1779 391 1892 properffl
410 1779 544 1842 employed.
577 1777 608 1825 Iu
626 1779 668 1825 the
688 1785 786 1840 present
807 1778 882 1836 Book.

93 1844 162 1907 chop.
181 1859 239 1894 xxx.
258 1861 343 1894 occurs
391 1861 404 1892 e
423 1843 547 1908 following
562 1857 676 1907 passage:
692 1842 779 1891 “Sunt
790 1843 830 1890 his
841 1843 881 1891 alii
937 1873 938 1908 p

92 1911 198 1959 miiitum
217 1909 331 1972 dispares,
351 1909 472 1972 simplices
484 1914 508 1956 et
519 1907 602 1970 aperti,
615 1907 657 1968 qui
668 1907 730 1954 nihil
742 1923 772 1955 ex
787 1909 882 1956 ooenlto

91 1974 153 2024 nihil
162 1991 192 2023 ex
203 1975 298 2024 insidiis
309 1975 431 2040 agendum
440 1977 539 2036 putant3
549 1970 656 2020 veritatis
667 1973 779 2030 cultores,
789 1972 882 2020 fraudis

91 2039 197 2096 inimiei;
212 2039 317 2102 itemque
333 2038 382 2096 alii,
394 2038 435 2100 qui
452 2036 546 2099 quidvis
564 2037 734 2098 perpetiantur,
752 2036 833 2084 errivis
843 2038 881 2085 de·

91 2101 883 2230 itittit‘tttiltltitilloilliti&

92 2232 161 2290 eund,
169 2202 338 2295 perpetiuniur
348 2231 396 2280 and
405 2228 550 2279 decretam.
582 2181 729 2279 Mssmpltm
738 2230 768 2279 of
779 2231 831 2279 this
840 2247 882 2280 ns-

60 2305 62 2310 '
91 2302 152 2354 ture,
163 2295 189 2343 in
201 2295 345 2359 conformity
355 2301 381 2343 to
391 2293 431 2342 the
443 2294 612 2358 grammatiesl
629 2295 725 2343 notione
735 2295 766 2343 of
777 2311 883 2360 eopyers

90 2361 139 2409 and
149 2360 244 2417 editors,
255 2373 296 2407 are
307 2375 374 2408 more
386 2359 487 2406 diffieuit
496 2364 521 2407 to
530 2359 602 2408 effeot
612 2358 636 2406 in
649 2367 741 2424 poetry.
774 2359 863 2409 'l'hus:

121 2423 217 2474 linotet.
228 2423 263 2474 iii.
274 2425 327 2473 115.
342 2423 408 2472 “Est
418 2423 490 2534 oliuitlll
494 2429 577 2472 tamen
585 2423 612 2472 iu
620 2424 690 2472 nobis
698 2424 762 2488 quod
770 2431 883 2488 tempore

426 2503 453 2535 m
491 2504 512 2545 ο,

277 2541 288 2572 ”
364 2551 446 2626 Multi
458 2551 536 2600 modis
551 2553 657 2616 agitatur
664 2561 688 2604 et
695 2553 776 2604 omnis
787 2555 882 2620 ancipit

426 2629 453 2662 m
463 2631 491 2663 se

360 2678 463 2728 Laetitiae
475 2680 578 2727 motus'·

90 2745 137 2793 eud
148 2743 201 2794 Lib.
212 2743 243 2794 ri.
260 2742 313 2794 70³.
346 2748 360 2772 ‘⁴
367 2744 429 2792 Sunt
436 2743 526 2806 aliquot
532 2759 625 2806 quoque
634 2761 681 2804 res,
689 2761 793 2810 quarum
800 2763 881 2798 uuam

127 2829 131 2844 r
425 2807 504 2855 dieere
516 2822 616 2855 oausam

360 2869 417 2920 Non
428 2871 487 2921 satis
498 2871 558 2918 est.”
