1896 3220
90 187 129 241 28
367 185 415 232 DE
432 181 585 233 centens.

91 327 158 392 lent,
174 335 353 384 contemnant
374 336 402 384 et
422 326 581 402 pronihilo
602 333 709 401 putent,
730 333 879 400 propterea

88 406 181 481 justos
203 423 276 472 esse.
318 405 393 462 Nam
416 406 531 462 alterum
549 405 665 480 justitia
688 422 776 480 genus
803 421 879 460 asse·
938 467 939 474 ἵ

92 494 222 555 quantur,
239 485 266 540 itt
281 483 426 541 inseranda
451 503 485 540 ne
507 485 552 540 cui
573 492 691 540 noceant
705 482 826 557 injuriat
849 483 877 538 in

92 563 208 635 alterum
229 562 380 618 incidunt*
420 561 555 618 Discendi
578 563 653 618 enim
677 561 769 617 studio
789 560 878 634 impe·

92 638 152 705 diti,
168 659 239 711 quos
263 641 332 697 tueri
353 640 463 705 debent,
486 639 626 696 deserunt.
668 639 765 710 ltaque
779 655 829 694 eos
845 637 878 694 ad

92 736 152 774 rem
167 720 308 793 publicam
323 737 374 774 nec
389 737 551 774 accessuros
574 717 704 789 quidemi
718 728 806 792 putat,
823 716 877 772 nisi
938 757 939 760 η

93 807 215 854 coactos.
266 796 390 886 AEquius
406 808 497 853 autem
512 806 578 862 erat,
601 796 631 852 id
652 796 792 852 voluntate
807 793 878 850 fieri.

94 873 169 931 Nam
185 875 260 932 hoc
252 893 346 950 ipsum
361 876 399 933 ita
408 875 517 951 justum
539 885 591 942 est,
616 873 691 946 quod
708 882 782 930 recte
797 873 840 938 fir,
854 871 886 928 si·

93 953 345 1014 estvoluntarium.

133 1031 311 1101 Santonum,
327 1033 377 1106 qui
390 1041 436 1090 eut
447 1031 541 1090 studio
556 1031 638 1089 reia
611 1030 638 1088 sa
639 1029 743 1088 miletis
758 1027 878 1094 tuendae,

124 1191 139 1222 ⁸
151 1190 270 1238 Incidunt.
303 1189 401 1236 Several
415 1185 486 1234 MSS.
503 1189 551 1234 aod
565 1149 632 1248 early
645 1187 736 1234 editors
748 1187 812 1232 atter
822 1199 882 1232 nont

94 1253 156 1300 hare
169 1255 311 1299 introduced
327 1253 392 1309 dum,
409 1250 487 1294 which
506 1251 526 1296 is
543 1253 584 1296 the
600 1251 703 1311 reading
721 1251 829 1309 adopted
849 1251 882 1308 by

94 1316 184 1374 Bishop
198 1318 299 1362 Pearce
331 1313 429 1361 Ernesti
441 1313 464 1356 in
478 1313 514 1359 his
527 1314 608 1362 Charis
626 1313 789 1361 Ciceroniana
807 1314 882 1358 inter·

938 2167 939 2212 l

938 2413 939 2460 l

95 1387 161 1440 prcts
172 1377 282 1425 incidant
293 1379 325 1437 by
337 1375 468 1437 offendunt,
479 1375 576 1426 oiolurrt
597 1381 618 1426 Α
632 1379 761 1436 metaphor
773 1377 883 1436 possibly

95 1445 169 1489 tttlten
183 1443 244 1488 from
254 1443 294 1486 the
306 1442 381 1486 shock
391 1441 419 1485 os
427 1447 474 1484 two
487 1455 588 1498 persons
598 1443 704 1502 running
713 1441 811 1500 against
820 1441 882 1486 each

94 1505 337 1553 otherbraocident.
370 1503 513 1550 PrcPlanc.
528 1509 586 1556 c.7.
618 1505 794 1564 “Siquando,
808 1505 892 1564 utflt,

90 1570 174 1632 jactor
187 1571 211 1615 in
224 1569 304 1627 turha,
316 1583 364 1612 non
383 1567 451 1612 illum
463 1578 551 1615 accuso
563 1571 604 1630 qui
616 1577 653 1617 est
665 1570 688 1615 in
701 1583 797 1614 summa
809 1583 883 1616 sacra

95 1635 144 1691 via,
156 1647 211 1677 cum
223 1647 268 1691 ego
281 1633 312 1677 ad
325 1631 428 1678 Fabium
443 1631 570 1680 lornicem
584 1634 704 1693 impellor,
717 1633 761 1678 sad
772 1646 828 1678 eum
841 1632 883 1692 qui

96 1698 120 1744 in
132 1711 169 1741 me
178 1695 368 1754 ipsum'incurrit
381 1705 453 1755 atque
466 1697 572 1744 incidit.'¹

105 1763 139 1815 †
149 1760 200 1822 lter
216 1773 345 1808 accessuros
361 1760 464 1837 puidam.
499 1761 558 1807 This
574 1775 680 1821 passage
697 1773 801 1818 appears
823 1758 884 1804 with

96 1826 265 1878 considerable
283 1825 416 1872 variatione
437 1827 460 1870 in
484 1825 597 1872 different
616 1824 689 1871 MSS.
708 1837 737 1870 ne
756 1823 789 1870 ed
807 1837 885 1885 remp.

96 1888 191 1953 quadem
202 1889 365 1938 occasa—Nec
381 1889 414 1937 od
424 1903 496 1950 remp.
510 1889 605 1952 quidem
620 1901 701 1935 urceos
704 1887 786 1934 -Nec
796 1901 836 1934 eoa
852 1885 885 1934 ad

95 1969 169 2016 remp.
181 1955 276 2017 quidem
290 1967 371 2001 ocreae.
376 1953 457 2000 -Nec
468 1953 563 2016 quidem
574 1967 655 2000 arceas
672 1951 802 1998 Faccioluts'
811 1952 884 1996 alone

97 2019 159 2064 edits
174 2034 223 2066 aen
239 2031 319 2064 accere.
352 2018 411 2064 'liris
424 2017 538 2062 vatiance
556 2017 663 2076 possibly
681 2029 752 2060 arose
765 2015 830 2060 from
843 2016 885 2060 the

96 2081 236 2140 separation
248 2081 326 2126 osthe
342 2093 371 2126 rte
388 2081 436 2124 and
454 2079 558 2142 qrtr'dcm,
576 2081 625 2126 and
644 2081 685 2125 the
705 2078 825 2124 insertion
845 2080 885 2124 be·
938 2129 939 2136 ἵ

97 2153 174 2191 tween
184 2146 259 2200 them,
271 2146 301 2202 by
310 2143 422 2188 different
433 2145 532 2202 editors,
545 2146 573 2190 ol
586 2143 698 2189 different
710 2143 797 2188 words.
833 2143 885 2188 The

97 2209 145 2254 last
157 2209 283 2266 ingenious
302 2208 350 2250 and
368 2207 466 2252 learned
480 2208 599 2254 editores
613 2221 657 2252 our
674 2207 781 2250 author's
794 2206 886 2266 golden

97 2273 218 2328 treatises,
238 2271 272 2316 De
291 2270 380 2315 Sertect.
397 2271 446 2314 aod
463 2271 500 2316 De
520 2271 595 2318 narie.
627 2271 674 2318 Mr.
698 2270 726 2316 E.
748 2269 780 2316 H.
794 2269 887 2317 Barlrcr

98 2343 209 2394 suggests
223 2335 257 2393 (p.
272 2336 308 2379 18.
320 2335 404 2380 Notes.
416 2334 447 2378 2d
460 2333 562 2394 edition)
578 2334 633 2379 with
644 2342 713 2394 great
727 2334 887 2392 probability,
938 2365 939 2392 ,

98 2399 151 2444 that
162 2397 295 2459 rte-quidem
309 2397 333 2443 in
346 2398 385 2442 the
402 2410 472 2443 sense
489 2398 518 2442 os
533 2402 573 2444 net
592 2412 659 2457 coen,
672 2398 692 2443 is
705 2397 801 2443 formed
822 2399 886 2442 t'rom
938 2395 939 2402 ’

97 2463 138 2506 tlte
152 2459 264 2521 junction
278 2462 306 2506 ol
321 2476 364 2508 nce
375 2460 423 2506 and
436 2459 531 2522 quidem
540 2475 549 2515 ;
567 2463 635 2508 when
655 2461 795 2520 separated,
807 2461 887 2508 there·
938 2463 939 2496 l

98 2526 159 2582 fore,
173 2526 223 2569 that
235 2525 275 2570 the
288 2527 364 2570 whole
376 2524 405 2568 os
412 2526 472 2569 each
493 2525 559 2570 word
576 2525 661 2571 should
680 2525 709 2570 be
725 2526 849 2583 retained,
861 2539 887 2572 at
938 2573 939 2578 ,

98 2603 203 2646 appears
213 2588 236 2632 ln
246 2590 287 2633 the
295 2590 385 2634 second
395 2589 425 2633 ol
433 2588 473 2632 the
484 2587 557 2634 MSS.
566 2589 673 2634 referred
683 2597 726 2642 to·,
743 2589 814 2634 when
820 2589 887 2650 jein·

98 2653 138 2709 ed,
148 2653 200 2697 that
209 2651 249 2696 the
259 2659 306 2696 two
319 2653 398 2696 words
408 2651 494 2695 should
504 2652 614 2698 coalesce
624 2651 674 2696 into
687 2666 751 2707 one,
744 2665 749 2676 ·
770 2666 799 2698 as
809 2653 833 2698 in
847 2669 887 2699 rre-
938 2639 939 2694 l

98 2715 236 2773 quicquam.
269 2713 327 2770 Nec,
340 2716 369 2760 hc
381 2715 503 2772 observes,
519 2715 575 2760 with
589 2715 630 2760 the
640 2714 726 2772 ellipse
735 2716 764 2760 of
772 2715 888 2777 quidem
938 2711 939 2776 l

98 2779 147 2821 and
158 2791 242 2839 neque,
251 2790 294 2822 are
307 2779 380 2824 used'
374 2793 398 2826 ru
408 2779 450 2824 the
459 2779 567 2825 seuseol
575 2789 709 2836 tropaeam
720 2778 750 2823 of
758 2780 859 2825 which·
854 2793 888 2826 tn·
938 2779 939 2832 l

98 2846 195 2886 stanccs
204 2855 246 2886 are
257 2839 337 2900 giren,
