1890 3224
85 218 143 272 232
365 214 413 263 un
430 213 584 263 osricus.

87 357 154 418 dum
179 366 305 417 naturam
330 375 414 430 quam
437 356 557 426 utilitas;
582 367 657 414 eerte
680 357 710 414 in
732 355 833 416 eadem
852 375 881 416 re

85 438 190 495 utilitas
205 445 233 494 et
246 435 387 512 turpitudo
401 455 466 493 esse
486 455 544 494 non
563 445 666 513 pptest
708 433 839 507 Itemque
858 435 881 492 si

87 515 123 573 ad
148 516 322 572 honestatem
347 515 404 571 nati
430 533 538 581 sumus,
564 533 652 588 eaque
678 524 725 571 aut
750 513 814 571 sola
837 533 881 572 ex·

86 592 206 672 petenda
227 601 278 660 est,
293 602 325 648 ut
346 593 456 650 Zenoni
467 593 560 650 visum
574 605 628 660 ost,
644 602 691 649 aut
703 602 779 650 oerte
795 594 880 660 omni,
931 598 937 646 t

86 671 227 750 pondere*
249 671 360 746 gravior
382 670 518 738 habenda,
540 690 624 744 quam
646 670 755 742 reltqua
776 673 879 740 omnia,
934 657 937 724 l

86 750 163 823 quod
175 749 319 807 Aristoteli
328 750 434 825 plaeet3
447 768 564 808 necesse
578 761 630 816 est,
641 748 722 827 quod¹
730 749 881 808 honestum
933 737 937 766 ‘

86 829 132 896 sit,
148 828 178 886 id
192 847 255 886 esse
270 839 317 886 aut
330 828 433 894 solum,
448 839 495 886 eut
508 847 650 886 summum
665 828 792 886 bonum:
809 828 880 901 quod

86 908 310 975 memborum,
326 907 355 964 id
375 918 448 964 certe
468 907 554 965 utile:
576 909 615 965 ita
628 904 764 978 quidquid
780 907 882 966 hones·

86 993 156 1052 tum,
172 986 201 1044 id
215 986 294 1044 utile.

125 1063 880 1142 Quareerror-hominumnonprobommeumaliquid,

87 1144 162 1216 quod
176 1144 244 1202 utile
258 1145 349 1202 visum
364 1154 417 1212 est.
433 1143 557 1220 arripuit,
570 1143 598 1201 id
612 1141 745 1201 continuo
758 1144 882 1201 secernit
936 1207 937 1212 η

86 1223 121 1292 ab
144 1223 273 1281 honesto.
315 1221 392 1279 Hine
414 1221 490 1287 sioae,
504 1221 571 1280 hino
589 1238 706 1286 venena,
721 1219 791 1278 hino
810 1221 881 1280 falsa
936 1235 937 1308 p

87 1310 252 1358 testamenta
276 1312 440 1357 naseuntur:
464 1299 531 1357 hine
553 1300 634 1368 furta,
656 1299 816 1375 peculatus,
831 1319 880 1360 ex·

108 1379 234 1437 ilationes
262 1376 489 1454 direptionesque
516 1379 657 1438 sociorum
691 1385 720 1433 et
753 1380 876 1438 nivium:

86 1397 153 1514 dine
180 1474 267 1532 opum
295 1455 444 1512 nimiarum
478 1457 609 1532 potentiae
643 1476 700 1517 non
731 1458 875 1518 ferendae:

87 1545 230 1612 postremo
253 1534 336 1591 etiam
356 1533 385 1590 in
399 1533 496 1592 liberis
511 1537 668 1594 civitatibus
683 1538 820 1615 regnandi
835 1557 884 1595 ex·

86 1613 190 1670 sistunt
203 1611 378 1688 cupiditates,
395 1614 496 1685 quibus
518 1615 589 1673 nihil
611 1634 664 1674 nee
685 1618 804 1684 tetrius,
828 1635 883 1675 neo
937 1630 938 1682 t

86 1689 187 1750 foedius
197 1691 350 1768 excogitari
359 1701 460 1768 potest.
489 1689 881 1754 Emolumentaenimrenrm
937 1683 938 1740 ἶ

86 1769 229 1828 fallacibus
240 1770 356 1847 judiciis
370 1770 480 1831 vident:
495 1791 609 1849 poenam
622 1793 680 1832 non
694 1775 758 1833 dieo
772 1775 881 1851 legum,

87 1866 156 1922 quas
178 1869 255 1926 saepe
279 1860 471 1927 penumpunt,
494 1850 546 1908 sed
569 1851 660 1928 ipsius
684 1853 881 1930 turpitudinis,

86 1947 149 2001 quae
163 1928 346 1987 acerbissima
358 1939 411 1995 est,
425 1947 483 1987 uon
497 1929 602 1988 vident.

125 2006 217 2073 Quam
232 2009 341 2066 obrem
356 2006 411 2064 hoe
425 2007 539 2079 quidem
553 2006 767 2068 deliberantium
786 2028 880 2087 genus

86 2085 205 2162 pellatur
223 2103 239 2142 o
262 2083 356 2144 medio
371 2084 426 2163 (est
449 2086 527 2144 enim
550 2095 637 2144 totum
661 2084 829 2146 seeleratum
851 2099 882 2148 et

86 2159 219 2240 impium)
233 2163 282 2234 qui
296 2162 458 2230 deliberant,
472 2175 566 2222 utrum
580 2165 610 2222 id
623 2177 784 2238 sequantur,
800 2168 882 2240 quod

87 2240 238 2299 honestum
262 2258 326 2299 esse
349 2241 471 2307 videant,
496 2262 532 2300 an
559 2261 591 2300 so
619 2246 740 2302 seientes
769 2245 881 2304 seelera

86 2319 286 2378 contaminent.
325 2320 359 2378 ln
384 2320 447 2396 ipsa
469 2323 547 2379 euim
572 2320 742 2381 dubitatione
768 2323 882 2383 facinus

85 2397 168 2465 inest,
182 2398 266 2456 etiam
288 2398 313 2455 si
335 2396 369 2455 ad
391 2397 421 2455 id
439 2417 497 2457 nou
516 2402 703 2476 pervenerint.
743 2401 825 2480 Ergo
845 2421 884 2461 ea

85 2473 262 2536 deliberanda
275 2477 392 2535 omniuo
405 2495 463 2534 non
478 2487 553 2547 sunt,
568 2479 598 2538 in
612 2480 714 2552 quibus
729 2489 773 2539 est
785 2481 881 2559 turpis

116 2635 132 2666 *
148 2630 267 2681 Pondere.
299 2629 409 2680 Another
419 2633 545 2695 metaphor
556 2634 630 2684 taken
641 2635 704 2685 from
714 2637 757 2686 the
767 2636 883 2698 Ιιιιιιιω,

84 2694 119 2744 iii.
135 2695 158 2744 2.
174 2702 237 2754 note,
253 2695 276 2744 4.
308 2693 391 2750 Quom
408 2696 458 2745 vim
475 2697 549 2748 habet
564 2699 626 2748 libra
643 2700 686 2750 ille
701 2703 818 2752 Critolaie
835 2704 882 2765 qui

84 2774 141 2808 oum
159 2759 185 2807 in
203 2759 304 2808 alteram
321 2757 416 2808 lancem
433 2761 509 2810 animi
527 2763 591 2812 boue
601 2764 717 2828 imponet,
729 2768 756 2816 in
767 2768 882 2827 alternum

83 2823 190 2883 eorporis
200 2830 225 2870 et
236 2829 342 2879 externa,
353 2829 449 2874 tentum
460 2828 607 2888 propendere
623 2829 691 2880 illam
707 2833 765 2882 boui
781 2833 881 2883 tmoem

103 2891 159 2943 ¹¹tut,
169 2892 197 2935 ut
208 2892 297 2936 terram
308 2889 422 2938 etmarias
431 2889 557 2952 deprimat.
589 2892 664 2946 Ture.
674 2911 697 2946 v.
709 2897 747 2946 tt.
