1882 3216
101 165 155 226 roa
372 147 592 216 ue'orrrcus.

98 321 194 370 arram
207 308 361 370 deformem
375 307 510 368 habitura
525 316 607 378 atqua
622 313 746 380 turpem,
758 323 807 366 aas
822 323 889 366 can·

98 389 169 445 texit
182 399 263 458 atquc
275 386 389 445 abdidit.
429 387 512 444 Hauc
528 397 630 445 naturae
645 395 702 446 tau
723 383 889 459 diligentem

91 465 230 536 ,fabricam
253 465 359 522 inritata
379 475 422 522 est
437 465 583 522 hominum
598 461 776 520 verecundia.
819 463 889 528 Quae

99 543 175 600 euim
189 554 286 600 natura
306 544 463 612 occultavit,
487 542 586 600 cadem
610 560 720 608 omues,
746 542 797 613 qui
822 560 891 598 sarra

98 631 192 679 mente
207 633 282 689 sunt,
297 634 442 686 removent
463 623 496 678 ab
517 622 628 678 oculis:
658 620 769 710 ipsique
793 637 890 676 neces·

98 697 171 757 sitati
187 701 254 757 dant
266 719 381 778 operam
395 712 425 759 ut
439 719 523 772 quam
537 700 727 757 occultissume
753 709 889 773 parcant:
930 713 931 772 ᾗ

99 796 272 852 quarumque
288 782 408 856 partium
422 779 547 855 corporis
562 797 630 840 usus
645 786 711 834 sunt
725 777 890 843 necessarii,
930 781 931 794 ¹

99 875 146 914 eas
161 877 253 931 ireque
268 868 370 936 partes,
385 877 476 932 neque
491 877 586 914 earum
600 874 668 914 usus
689 855 748 912 suis
768 855 892 912 numiui·

99 935 152 994 bus
177 937 335 1015 appellant:
371 937 501 1011 quodque
527 935 618 992 facere
642 944 723 1014 turpe
748 953 808 990 non
836 943 891 1000 eat,

99 1013 185 1080 modo
196 1017 314 1084 occulte,
327 1017 357 1074 id
367 1017 459 1074 dicere
470 1015 625 1073 obscenum
637 1023 689 1070 est.
728 1010 828 1084 Itaque
837 1031 892 1069 nac

99 1104 195 1172 aperta
209 1095 281 1154 actio
304 1115 398 1154 rerum
422 1095 533 1154 illarum
555 1091 709 1170 petulantia
731 1100 822 1159 vacat,
838 1109 892 1149 nec

99 1175 198 1243 oratio,
213 1175 412 1232 obscenitate*

140 1253 204 1309 Nec
225 1271 296 1326 vero⁴
306 1250 436 1308 audiendi
450 1253 516 1308 'sunt
530 1248 645 1326 Cynici,
661 1257 709 1305 aut
723 1249 748 1304 si
763 1249 813 1319 qui
833 1247 893 1306 sue·
930 1257 931 1308 i

98 1339 163 1386 runt
184 1330 273 1386 Stoici
298 1349 378 1404 paene
400 1329 531 1404 Cynici‚†
555 1329 603 1400 qui
627 1326 837 1403 reprehendunt
865 1337 895 1384 et

99 1405 224 1474 irrident,
240 1406 315 1476 quod
330 1426 373 1473 ea,
390 1425 451 1478 quae
467 1407 560 1482 turpia
571 1425 601 1464 re
616 1424 673 1464 non
687 1405 753 1473 sint,
768 1406 893 1464 nomini-

29 1493 30 1496 ’
98 1485 151 1541 bus
167 1503 199 1540 ac
210 1485 302 1540 verbis
317 1483 457 1560 flagitiosa
471 1484 629 1542 ducamus:
648 1485 697 1542 illa
710 1495 813 1552 autom,
830 1503 894 1556 quae

99 1562 192 1640 turpia
205 1563 453 1628 suut,.nomiuibus
468 1564 642 1639 appellemus
657 1563 727 1619 auia.
768 1563 894 1621 Latroci-

98 1641 169 1708 narr',
186 1639 321 1706 fraudare,
337 1641 501 1709 adulterare,
517 1660 546 1698 re
562 1651 642 1718 turpe
656 1651 709 1708 est,
725 1641 776 1698 sed
790 1641 894 1698 dicitur

98 1737 157 1776 rron
166 1721 303 1778 obscene:
319 1720 414 1778 liberis
426 1721 491 1778 dare
502 1738 627 1796 operam,
636 1737 667 1781 re
680 1719 892 1788 honestumest‚
930 1713 931 1788 l

98 1799 213 1856 nomine
228 1799 402 1858 obscenum:
432 1801 566 1875 pluraque
591 1798 625 1854 ia·
645 1817 708 1854 eam
722 1800 893 1856 sententiam
930 1797 931 1860 l

99 1877 134 1934 ab
148 1878 257 1936 eisdem
272 1889 368 1944 contra
378 1877 582 1943 verecundiam
598 1876 785 1952 disputantur.
828 1877 892 1935 Nos
930 1881 931 1940 ἶ

77 1959 79 1964 ’
100 1965 193 2014 autern
208 1967 333 2015 naturam
346 1976 505 2027 sequamur,
518 1965 549 2011 atr
560 1956 594 2011 ab
605 1955 693 2021 omni,
704 1955 781 2026 quod
793 1957 893 2014 abhor·
930 1957 931 2018 Ῑ

98 2045 140 2092 ret
153 2037 186 2094 ab
196 2036 340 2094 oculorum
347 2036 511 2107 auriumque
523 2033 893 2110 approbationesugiamus·
930 2035 931 2046 ¹

131 2191 146 2222 ³*
158 2189 244 2238 Oratio
263 2187 412 2238 obscenitate.
444 2186 500 2240 The
519 2166 634 2254 ordinuiy
647 2187 757 2254 reading,
775 2192 893 2240 orationis

98 2251 237 2311 chauonim,
256 2253 278 2302 ia
296 2253 407 2303 followed
427 2255 460 2318 by
479 2255 521 2304 the
536 2255 704 2320 Heusingerr:
727 2255 770 2304 the
787 2263 893 2319 proserit,
930 2277 931 2300 ÷

97 2317 180 2368 which
191 2317 323 2368 Fauoiouti
338 2320 387 2367 and
398 2320 526 2368 Gernhurd
537 2319 599 2368 have
610 2321 712 2382 adopted
723 2319 788 2369 hom
800 2323 894 2370 aerem
930 2315 931 2370 l

97 2383 165 2447 early
176 2383 286 2442 editione,
298 2384 392 2448 though
409 2385 541 2434 confirmed
563 2387 606 2434 but
617 2387 650 2450 by
661 2401 707 2434 one
718 2386 749 2434 of
759 2387 802 2437 the
819 2387 894 2436 Mes.
930 2381 931 2446 l

97 2447 223 2497 consulted
234 2449 267 2512 by
273 2449 314 2497 the
326 2448 488 2515 Heusingeru,
498 2466 601 2514 appears
616 2457 641 2500 to
652 2451 726 2500 merit
741 2449 784 2503 tho
802 2453 893 2515 prefer-

97 2529 166 2562 anco.

130 2577 142 2630 i
154 2577 228 2626 Perae
241 2577 336 2642 Cynici.
353 2560 513 2628 SomeStoics
524 2580 632 2629 adhcrod
640 2586 666 2628 to
677 2581 718 2629 the
729 2581 812 2646 Cyrric
818 2590 894 2642 tanat,
930 2577 931 2604 ¹

97 2643 893 2772 emeat

97 2771 156 2819 tia.”
189 2770 270 2822 lauert.
279 2772 344 2821 tuti.
356 2772 409 2821 121.
