1882 3216
98 165 153 224 tta
381 159 601 211 naor-mons,

94 325 152 366 vox
165 327 218 368 nec
232 307 379 384 languens,
394 325 447 364 nec
461 325 573 364 canora.
614 305 737 365 Uberior
750 307 842 365 oratio
856 305 891 364 L.
922 307 923 364 i

96 386 205 456 Crassi,
226 405 279 444 nec
300 388 394 444 minus
415 386 521 444 faceta:
544 385 595 443 sed
609 387 681 444 bene
702 386 841 459 loquendi
857 385 892 443 de
923 414 924 448 t

95 466 205 525 catulis
225 465 323 542 opinio
343 483 401 523 non
422 467 524 524 minor.
566 465 632 524 Sale
647 483 713 523 vero
735 476 764 523 et
783 465 892 524 facetiis
924 520 925 542 χ

96 544 203 613 Caesar,
214 544 308 602 Catuli
320 545 405 621 patris
418 545 527 611 haten*
538 546 607 602 vicit
616 563 727 610 omnes,
740 555 772 602 ut
784 546 813 602 in
829 545 893 620 ipso

94 624 144 683 illo
163 624 267 684 sorensi
289 641 391 700 genere
412 623 523 682 dicendi
545 623 741 682 contentiones
770 625 892 682 aliorum
925 628 926 658 l

95 721 227 762 sermone
242 703 374 761 vinceret.

134 781 167 840 ln
188 783 320 842 omnibus
341 781 425 858 igitur
445 781 491 840 his
511 781 709 840 elaborandum
731 789 788 848 est,
810 781 837 840 si
864 782 894 839 iu
927 839 928 866 ¹

94 862 174 920 omni
193 880 234 929 re,
249 861 316 934 quid
337 861 444 930 deceat,
462 863 648 933 exquirimus.
688 860 734 918 sit
753 879 826 938 ergo
846 860 893 918 hic
927 867 928 870 ’

95 958 200 1010 sermo,
222 942 251 1000 iu
273 958 330 1014 quo
350 941 487 1000 Socratici
508 941 631 999 maxime
648 939 803 1007 excellunt,
819 939 893 998 lenis
928 946 929 982 l

94 1019 270 1094 minimeque
281 1020 427 1097 pertinax:
443 1019 511 1078 insit
521 1019 549 1076 in
564 1037 600 1076 eo
610 1019 701 1095 lepos.
735 1018 893 1087 Nectum,

95 1107 239 1175 tamquam
254 1099 284 1158 in
297 1099 521 1178 possessionem·
532 1116 613 1158 suam
622 1097 745 1165 -venerit,
759 1097 895 1158 excludat
930 1158 931 1182 χ

95 1177 185 1238 alios:
206 1177 258 1238 sed
278 1197 343 1237 cum
358 1178 474 1250 reliquis
488 1179 519 1235 in
532 1179 626 1245 rebus,
640 1186 702 1236 turn
715 1176 745 1234 i'n
758 1195 894 1236 sermone
930 1187 931 1200 ¹

94 1259 250 1324 communi.
264 1256 489 1316 vicissitudinem
504 1273 561 1314 non
575 1256 702 1330 iniquam
718 1264 809 1333 putet.
850 1258 895 1316 Ac
931 1264 932 1276 ¹

72 1381 74 1386 .
94 1334 188 1394 videat
201 1337 231 1394 in
244 1334 356 1410 primis,
371 1335 474 1406 quibus
488 1333 523 1394 de
537 1337 621 1396 rebus
637 1335 786 1409 loquatur:
809 1335 894 1395 sise-

93 1413 155 1482 riis,
183 1412 362 1472 severitatem
382 1411 531 1474 adhibente
553 1416 579 1473 si
603 1415 724 1492 jocosis,
751 1413 893 1492 leporem.
932 1409 933 1426 ¹

93 1489 128 1550 In
141 1491 297 1568 primisque
316 1487 472 1581 provideat,
493 1511 530 1551 ne
550 1513 645 1554 sermo
659 1494 760 1554 vitium
776 1492 895 1567 aliquod

94 1569 200 1629 indicet
211 1570 305 1630 inesse
316 1587 346 1628 ιιι
358 1571 501 1631 moribus:
523 1573 600 1647 quod
611 1575 735 1634 maxime
747 1583 810 1632 tum
821 1574 895 1634 solet
934 1583 935 1610 l

94 1650 218 1716 evenire,
247 1667 312 1710 eum
333 1648 459 1710 studiose
480 1651 516 1710 de
536 1654 698 1712 absentibus
727 1651 894 1712 detrahendi

95 1745 205 1800 caussa,
226 1739 274 1788 aut
297 1748 349 1808 per
369 1729 530 1801 ridiculum,
551 1744 598 1792 aut
624 1751 734 1801 serere,
755 1731 894 1792 maledice

96 1809 357 1886 contumelioseque
371 1807 483 1871 dicitur.

135 1887 283 1950 Habentur
296 1901 389 1948 autern
401 1889 568 1969 plerumque
579 1908 727 1950 sermones
738 1899 787 1950 aut
796 1889 834 1950 de
845 1889 894 1952 do·

95 1969 223 2028 mesticis
237 1970 369 2046 negotiis,
384 1979 432 2028 aut
445 1969 480 2028 de
497 1988 528 2027 re
542 1970 664 2047 publica,
680 1979 727 2028 aut
740 1969 775 2028 dc
789 1971 892 2029 artium

96 2045 197 2106 studiis
212 2056 295 2118 atque
309 2047 444 2106 doctrina.
486 2047 588 2108 Danda
601 2049 687 2126 igitur
697 2067 784 2125 opera
793 2058 849 2116 est,
864 2059 894 2108 ut

96 2126 180 2184 etiam
195 2126 220 2182 si
234 2127 361 2186 aberrare
375 2125 410 2186 ad
424 2127 478 2186 alia
489 2130 616 2204 ceperit,
629 2128 662 2186 ad
674 2128 736 2186 baec
746 2137 895 2187 revocetur

96 2203 195 2263 oratic'.
246 2201 305 2264 sed
331 2213 486 2280 utcumque
514 2207 656 2276 aderunti
683 2205 788 2287 (neque
816 2208 894 2266 enim

93 2395 179 2501 ‘iffi
233 2383 349 2500 teht
361 2385 476 2499 illati
482 2384 895 2512 taruennensem

97 2521 148 2568 tora
158 2513 231 2564 think
242 2513 295 2565 tint
306 2515 365 2580 qnid
376 2514 463 2564 should
474 2515 504 2564 be
514 2516 630 2568 inserted.

128 2583 145 2616 θ
161 2579 257 2630 stater.
289 2578 465 2644 Hclshrotber:
481 2579 585 2646 Popillia
600 2599 652 2633 was
668 2581 764 2633 mother
779 2581 811 2632 of
826 2583 857 2632 C.
872 2581 895 2633 J.

96 2645 180 2695 Cesar·
190 2644 284 2702 Strabo,
295 2645 344 2694 and
360 2643 391 2693 of
400 2645 509 2695 Οιιιιίιιι.
541 2647 590 2696 She
602 2663 653 2698 was
669 2648 711 2697 the
727 2649 782 2698 first
796 2647 894 2698 Roman

97 2710 184 2822 faido
193 2710 253 2822 rghfi
260 2709 308 2757 had
319 2708 361 2758 the
372 2709 467 2759 honour
475 2710 506 2761 of
511 2727 527 2760 a
537 2711 632 2763 fianeral
640 2713 742 2764 oration.
775 2713 814 2764 De
825 2715 895 2764 Oret.

98 2789 119 2822 e.
147 2789 196 2822 :an
256 2806 262 2820 .

128 2838 142 2860 ²
163 2833 413 2898 tttcamqateadernnt.
439 2839 504 2888 With
513 2839 560 2888 due
569 2841 748 2893 amedaeum
758 2849 782 2892 to
792 2843 832 2893 the
838 2859 895 2910 per-
