1890 3224
309 193 370 240 LIB.
381 192 424 242 111.
441 191 516 240 CAP.
525 190 626 241 xxxu.
803 193 861 246 ³05

74 338 122 395 hic
134 337 172 394 T.
185 337 310 394 Manlius
322 336 347 392 is
359 345 412 402 est,
424 335 473 406 qui
484 333 518 392 ad
529 335 667 392 Anienem
678 331 764 400 Galli,
775 322 860 405 quem

75 418 109 472 ab
123 435 159 474 eo
171 425 337 490 provocatus
358 413 506 478 occiderat,
518 422 616 484 torque
631 411 781 478 detractos*
795 430 859 488 cog·

73 512 179 552 nomen
199 494 306 551 invenit
315 495 337 553 :†
358 492 439 568 cujus
460 492 542 548 tertio
556 491 703 549 consulatu
716 489 811 546 Latini
825 489 861 546 ed

74 573 222 644 Veserimss
236 571 291 628 fusi
311 581 339 627 et
352 569 447 645 fugati.
488 569 611 645 Magnus
638 569 680 626 vir
698 568 727 625 in
749 568 859 644 primis,

73 659 102 708 et
115 651 163 722 qui
178 649 376 726 perindulgens
389 649 420 707 in
441 656 557 724 patrem,
573 647 648 706 idem
669 648 767 704 acerbe
782 663 861 704 seve·
891 649 892 654 ’

73 747 122 787 rus
136 729 166 786 in
179 729 296 801 filium.§

75 885 165 944 GAP.
177 851 304 944 XXXII.
338 881 518 962 Ecernplum
533 881 715 960 captiuorum
729 879 770 938 ud
779 879 861 940 Hun-
887 899 889 901 ’

231 961 328 1024 tribule
343 962 383 1022 od
396 969 532 1020 senatum
545 960 715 1019 missorum.

113 1079 175 1137 Suo
188 1087 220 1136 ut
239 1077 393 1136 laudandus
408 1075 534 1152 Regulus
549 1075 578 1131 in
594 1070 787 1130 conservando
797 1071 861 1148 jure

70 1157 201 1235 jurando,
227 1157 269 1213 sic
287 1155 391 1229 ¹decem
415 1155 467 1222 illi,
491 1171 570 1224 quos
588 1161 653 1228 post
678 1147 860 1207 Cannensem

74 1255 199 1314 pugnam
219 1235 326 1311 juratos
350 1233 384 1289 ad
410 1243 537 1290 senatum
562 1231 641 1288 misit
663 1227 815 1295 Hannibal,
831 1229 861 1288 in

73 1328 164 1372 castra
175 1313 313 1370 redituros
328 1331 370 1376 ea,
383 1329 502 1383 quorum
514 1319 593 1388 erant
609 1308 690 1385 potiti
702 1305 794 1373 Poeni,
804 1305 860 1362 nisi

38 1429 42 1437 -
73 1393 108 1451 dc
123 1391 292 1450 redimendis
307 1390 425 1466 captivis
448 1388 684 1464 impetravissent,
700 1384 725 1442 si
749 1402 807 1441 non
820 1401 863 1440 re·

73 1473 194 1539 dierunt,
209 1469 393 1545 vituperandi.
435 1467 480 1524 De
495 1467 596 1538 quibus
610 1484 668 1522 non
692 1481 791 1522 omnes
805 1480 863 1518 uno

73 1550 168 1610 modo.
201 1547 311 1626 [Nam]
326 1547 488 1623 Polybius,il
502 1546 594 1602 bonus
609 1553 703 1601 auctor
717 1540 860 1617 inprimis

71 1693 133 1750 irim,
145 1691 264 1756 certainly
275 1694 318 1739 not
334 1703 401 1735 more
418 1683 535 1748 binding:
552 1685 596 1746 but
611 1683 636 1731 if
646 1683 667 1731 it
681 1697 753 1740 were,
772 1680 793 1730 it
807 1681 864 1728 does

71 1764 117 1808 not
128 1773 216 1820 appear
226 1757 284 1821 why
295 1754 337 1804 the
348 1750 488 1802 accusation
499 1749 528 1798 of
540 1747 579 1796 his
595 1748 675 1796 bruta]
686 1747 735 1794 aud
745 1751 810 1794 most
819 1761 863 1794 un-

71 1823 175 1890 populnr
185 1823 263 1872 father
274 1819 355 1884 might
365 1824 408 1870 not
419 1817 479 1864 hcvc
490 1814 603 1862 devolved
614 1829 646 1861 on
655 1826 722 1860 some
733 1809 802 1858 other
811 1824 863 1870 per·

71 1904 126 1936 sou.
159 1888 189 1936 T.
198 1887 251 1936 Liv.
263 1885 303 1935 vii.
315 1885 337 1931 4.
370 1885 457 1930 “Ante
474 1879 564 1936 omnia,
575 1877 681 1926 invisum
697 1876 778 1938 ipsum
796 1873 864 1938 inge-

71 1953 145 2002 nium
156 1959 232 2010 atrox,
241 1963 423 2016 cognomenque
433 1943 565 2008 imperiosi,
581 1957 654 2007 grave
670 1941 752 1989 liberte
764 1937 863 1996 civitati,

71 2016 104 2065 cd
115 2017 271 2066 ostentatione
282 2014 381 2063 sevitie
393 2009 536 2060 adscitum.”

106 2085 122 2116 ⁴²
139 2082 261 2131 Detraeto.
295 2079 326 2127 In
337 2093 404 2127 some
415 2075 466 2124 earl
496 2072 606 2131 editions,
618 2069 733 2120 dercon.
745 2066 865 2135 ,Torquis

70 2149 96 2196 is
107 2144 183 2198 found
194 2139 355 2208 occasionsily
366 2143 393 2190 in
404 2141 444 2189 the
478 2137 593 2186 eminine.

107 2213 121 2264 ’r
136 2207 167 2260 T.
179 2208 232 2260 Liv.
243 2210 284 2258 vii.
295 2208 333 2256 10.

107 2277 118 2329 t
140 2276 255 2325 Veserim.
287 2271 341 2321 The
351 2285 423 2319 name
434 2268 464 2318 of
470 2285 485 2318 a
495 2267 566 2325 river,
578 2265 626 2314 and
637 2264 688 2314 also
699 2261 728 2312 of
734 2279 751 2311 a
760 2267 827 2311 town
839 2260 865 2308 in

70 2342 217 2404 campania.
228 2355 287 2388 near
298 2339 339 2386 the
350 2341 447 2399 present
458 2333 584 2381 Vesuvius.

107 2408 121 2467 d
139 2406 170 2454 ln
177 2405 272 2468 fliium.
304 2403 397 2451 Whom
407 2401 438 2448 he
449 2396 569 2447 behecdcd
580 2395 617 2443 for
692 2393 752 2458 ging
763 2391 790 2440 iu
801 2405 865 2438 com·

71 2476 116 2524 bct
128 2478 241 2535 contrary
252 2477 278 2522 to
288 2468 328 2516 his
339 2467 416 2518 order.
448 2463 479 2514 Τ.
490 2462 543 2512 Liv.
554 2460 604 2509 viii.
613 2461 635 2508 7.
691 2459 730 2506 his
742 2461 864 2512 sentence,

71 2540 124 2588 aud
135 2537 176 2586 the
188 2535 325 2599 preceding,
336 2533 428 2595 having
438 2545 471 2578 no
486 2527 588 2577 relation
604 2531 629 2575 to
644 2524 686 2574 the
704 2522 803 2589 subject,
823 2533 865 2572 arc

71 2603 230 2668 pronounccd
241 2601 274 2665 by
286 2597 392 2659 Praesti,
403 2602 428 2643 to
439 2595 469 2643 be
480 2593 598 2656 spurious.

329 2721 494 2774 CHAPTER
509 2719 615 2769 XXXII.

109 2813 120 2870 ΙΙ
138 2809 262 2875 Polybius.
295 2807 348 2856 Lib.
359 2807 390 2855 vi.
401 2804 440 2852 56.
457 2803 505 2850 end
521 2799 626 2849 neon.
641 2795 682 2844 vii.
701 2794 738 2846 18,
770 2794 795 2841 A
813 2805 866 2838 sen.

4 2905 8 2970 p
71 2886 147 2928 tencc
158 2874 286 2926 remarked
303 2872 387 2929 below.
398 2867 529 2988 note2ssps
545 2865 637 2926 having
653 2857 794 2924 apparently
806 2857 867 2910 been
