1896 3220
84 178 123 232 54
367 173 415 221 un
433 169 585 221 orrrcns.

85 337 160 383 mus,
175 327 268 374 tamen
282 333 334 373 uos
349 323 453 383 movet,
464 312 608 388 atqueilli,
618 312 647 370 iu
662 315 718 384 quo'
732 308 761 369 id
773 310 870 368 inesse

86 397 203 462 videtur,
219 395 324 452 amicos
338 394 412 451 facit.
447 425 452 436 ·

126 475 165 532 Et
185 491 353 547 quamquam
374 473 466 529 omnis
487 472 575 528 virtus
596 487 648 527 nos
674 467 709 526 ad
728 487 761 526 se
786 469 872 526 allicit

87 555 217 624 facitque,
238 563 269 608 ut
283 570 332 608 eos
353 550 512 626 diligamus,
527 549 672 620 inquibus
694 548 758 622 ipsa
778 547 873 605 inesse

87 632 227 690 videntur:
250 641 343 687 tamen
360 629 479 705 justitia,
501 638 529 684 et
542 627 690 684 liberalitas
705 625 734 683 id
748 628 873 684 maxime

88 710 182 771 efficit.
206 709 287 766 Nihil
301 718 392 765 autern
407 716 450 764 est
461 706 616 772 amabilius,
626 705 874 781 neccopulatius,*
936 727 937 732 ¹

89 807 173 860 quam
201 806 311 844 morum
340 784 493 843 similitudo
520 785 668 841 bonorum.
708 783 742 840 In
771 781 873 855 quibus

89 867 165 924 enim
180 866 278 923 eedem
293 864 384 921 studia
398 874 472 929 sunt,
487 861 593 920 eaedem
607 863 774 929 voluntatem
790 863 821 918 in
831 860 874 919 his

89 946 130 1010 fit,
145 955 176 1002 ut
189 961 267 1016 aeque
281 945 401 1016 quisque
423 943 508 1008 altero
523 941 682 1007 delectetur,
701 959 733 996 ac
747 959 779 996 se
793 940 873 1015 ipso:
936 989 937 1004 ,

90 1023 263 1096 efficiturque
279 1021 317 1090 id,
334 1021 409 1094 quod
425 1019 614 1096 Pythagorasl
625 1019 684 1077 vult
698 1019 726 1076 itt
741 1018 874 1084 amicitie,

89 1115 121 1160 ut
134 1123 206 1160 unus
222 1103 270 1160 fiat
291 1101 476 1176 expluribus.
519 1098 625 1174 Magna
639 1098 722 1154 etiam
737 1096 785 1153 illa
800 1112 876 1153 com·

92 1183 211 1238 munitas
226 1192 278 1246 est,
292 1199 353 1251 quae
365 1179 511 1236 conficitur
520 1195 558 1233 cx
570 1176 713 1234 beneficiis
725 1175 797 1232 ultro
807 1176 877 1232 citro

91 1259 162 1316 datis
188 1259 384 1333 acceptisque,
410 1275 471 1328 quae
491 1264 520 1311 ct
539 1265 644 1322 mutua,
665 1263 693 1311 et
713 1264 788 1330 grata
809 1252 877 1310 dum

91 1347 166 1401 sunt,
195 1336 266 1394 iuter
293 1353 363 1406 quos
392 1352 425 1390 ea
451 1335 526 1401 suut,
553 1333 635 1390 firma
667 1332 878 1404 devinciunturss

92 1415 235 1470 socictct.

112 1490 190 1548 ·Sed
217 1509 281 1546 oum
310 1490 405 1546 omnia
430 1489 536 1547 ratione
564 1489 713 1562 animoque
740 1488 878 1554 lustratis,

85 1571 220 1627 ¹omniurn
234 1567 397 1624 societatum
413 1569 489 1625 nulla
502 1577 545 1624 est
558 1569 677 1644 gravior,
689 1566 765 1624 nulla
778 1567 878 1632 carior,

93 1666 176 1719 quam
198 1665 240 1714 ca,
256 1664 318 1718 quae
338 1664 403 1704 cum
418 1666 446 1703 re
461 1647 574 1727 publica
587 1655 630 1704 est
641 1646 793 1719 unicuique
815 1663 880 1704 nos·

125 1803 141 1836 l
160 1802 308 1866 Coptrlott'us.
343 1801 442 1852 Passlre
460 1803 600 1863 participles
620 1817 663 1849 are
679 1803 820 1850 sometimes
832 1815 881 1848 em·
936 1805 937 1862 j

94 1868 184 1928 ployed
201 1868 224 1914 in
243 1869 283 1915 tlre
300 1883 370 1914 sense
382 1870 411 1914 os
419 1871 461 1916 the
476 1867 609 1929 adjectives
622 1867 645 1912 in
664 1866 735 1914 bilis:
753 1881 780 1912 as
797 1867 881 1920 “Qum
936 1865 937 1870 ’

94 1933 159 1978 enim
170 1947 218 1978 vox
230 1940 309 1990 potest
322 1947 374 1978 esse
385 1932 547 1991 contemptior
556 1946 628 1990 quam
642 1931 741 1977 Milonis
751 1929 882 1976 Crotonis.

95 1998 151 2043 tae.”
184 1996 247 2042 Cato
266 1996 358 2057 Major,
370 1995 393 2043 9.
425 1997 542 2052 Accersas,
560 1999 701 2056 conspectus,
721 1993 880 2057 infuniculis·

94 2059 177 2118 rictus,
194 2058 237 2105 lte.
251 2074 293 2105 are
306 2062 380 2106 found
395 2062 453 2105 used
467 2061 491 2105 in
503 2074 519 2105 a
531 2058 624 2104 similar
640 2073 720 2104 sense.
751 2059 780 2104 In
798 2059 881 2110 Greek

94 2124 136 2169 tlte
158 2137 225 2168 same
238 2122 422 2180 interpretation
442 2124 461 2169 is
473 2121 636 2181 occasionalis
656 2130 700 2181 put
716 2137 748 2167 on
766 2122 808 2169 tlte
826 2135 881 2180 pas·

95 2186 146 2233 slve
157 2186 219 2244 pers.
232 2194 311 2243 part:
331 2186 439 2245 Heyne's
457 2187 559 2244 Homer,
571 2185 620 2231 xiv.
633 2186 685 2232 teo.
706 2186 748 2231 eth
761 2186 809 2232 vol.
827 2187 881 2237 565,

95 2249 146 2323 qu
154 2247 295 2360 copugptsign
308 2249 398 2309 Bishop
408 2250 498 2297 Pearce
507 2263 628 2308 epprovcs
636 2248 796 2313 copulamini,
805 2250 881 2300 round

97 2327 198 2358 rnsome
276 2347 282 2362 .

128 2375 141 2424 †
159 2374 315 2436 Pythagoras.
352 2375 424 2422 Cont'.
437 2377 475 2423 De
488 2377 563 2436 Legg.
576 2375 591 2422 i.
606 2377 643 2425 12.
678 2377 731 2424 Tire
743 2391 812 2424 saure
830 2376 883 2437 phi*

97 2441 210 2498 losoplrer
231 2443 321 2500 replied
344 2446 369 2486 tc
392 2442 433 2487 tlte
456 2440 654 2500 inquiry,·What
674 2456 724 2488 was
741 2457 757 2488 tt
780 2439 882 2490 friend?

105 2513 183 2554 Annos
201 2502 252 2567 tyt.
285 2505 337 2552 Tiro
361 2507 418 2550 verb
435 2505 493 2552 velle
513 2505 533 2551 is
553 2505 690 2565 frequently
708 2507 841 2567 employed
858 2505 882 2552 iu

98 2571 215 2628 ‹leiining‚
227 2585 248 2615 c.
266 2569 303 2617 27.
339 2567 463 2631 Definitum
480 2573 507 2614 ut
523 2567 549 2614 id
565 2569 676 2616 decorum
692 2569 775 2618 velint.
808 2569 883 2618 'Iirsm

99 2635 127 2686 Q.
139 2633 161 2679 4.
195 2635 212 2660 “
221 2631 511 2692 Opinationem-volunt
522 2646 576 2678 esse
595 2632 745 2680 imbecillam
756 2637 882 2684 assensio·

100 2697 182 2743 nem.·¹

131 2757 345 2808 lDeuirwiuntur.
367 2755 885 2822 Subintelt.tlti-ttasep0racmareontted

100 2817 129 2882 by
140 2823 223 2882 astrm
234 2821 304 2870 lond.
