1888 3222
327 177 447 228 amm.
466 167 599 231 caum.
799 183 858 244 217

66 327 357 394 ceterarumque
378 319 533 380 seeundum
553 329 678 382 naturam
698 332 803 392 essent,
818 322 857 382 ita

65 398 192 476 legera*
206 399 232 456 si
245 417 280 456 ea
290 399 384 457 virtuti
398 418 456 458 non
468 411 663 478 repugnarent.
696 401 780 470 Quod
790 421 855 461 oum

65 478 108 536 ita
129 477 176 546 eit,
192 487 291 555 putant
304 477 428 552 quidam,
443 478 516 536 hano
537 481 774 558 comparationem
797 499 855 539 non

63 566 143 614 recte
157 555 353 623 introductam,
367 575 421 615 neo
434 558 552 618 omnino
565 558 600 617 de
614 578 648 618 eo
662 575 764 638 genere
775 557 856 632 quid·

64 654 154 707 quam
167 634 387 712 precipiendum
408 633 504 694 fuisse.
544 637 637 711 Atque
652 639 721 698 illud
735 638 850 711 quidem

62 713 230 782 honestum,
245 713 322 786 quod
333 715 445 790 proprie
459 733 579 789 vereque
600 715 710 785 dieitur,
723 717 752 775 id
766 717 798 792 iu⁴
810 735 855 773 sa-

62 792 209 868 pientibus
223 804 268 849 est
281 791 460 864 solis,neque
474 795 602 853 avirtute
616 795 710 853 divelli
720 812 854 867 umquam

34 903 36 906 -
62 876 172 946 p'otest.
212 870 245 928 Iu
260 871 295 927 iis
310 881 412 938 autam,
423 873 452 928 in
466 873 568 944 quibus
582 873 720 948 sapientia
731 873 854 949 perfecta

61 959 191 1014 nonest,
207 950 302 1024 ipsum
316 949 385 1006 illud
399 949 513 1021 quidem
527 951 681 1026 perfeetum
691 952 853 1018 honestum,

61 1027 144 1085 nullo
159 1027 253 1092 modo,
268 1027 465 1084 similitudines
480 1028 592 1086 honesti
605 1047 668 1086 esee
683 1038 810 1104 possunt.
902 1021 904 1031 ¹

69 1151 72 1158 ,
105 1105 179 1162 Haeo
198 1107 274 1164 emm
296 1106 392 1164 omnia
410 1104 513 1173 officia,
528 1105 563 1164 de
585 1107 686 1178 quibus
707 1107 752 1163 his
772 1103 851 1166 libris

58 1183 253 1261 disputamus,
281 1183 374 1242 media
398 1184 490 1246 Stooii
514 1185 665 1261 appellant.
706 1183 752 1242 Ea
775 1201 852 1241 oom-

60 1264 162 1320 munia
180 1275 254 1330 sunt,
269 1275 297 1319 et
317 1262 370 1319 late
385 1272 497 1339 patent:
520 1283 582 1334 quae
597 1272 625 1320 et
643 1263 749 1339 ingenii
770 1261 851 1319 boni·

60 1353 118 1398 tate
133 1341 215 1398 multi
228 1349 423 1413 assequuntur,
445 1352 473 1398 et
492 1343 689 1418 progressione
712 1339 849 1398 discendi.

59 1418 135 1478 Illud
145 1431 238 1478 autem
249 1419 384 1485 officium,
397 1419 473 1492 quod
482 1426 589 1478 rectum
600 1420 687 1478 iidem
698 1419 849 1496 appellant,

60 1497 219 1575 perfeetum
228 1510 310 1570 atque
323 1498 480 1556 absolutum
490 1510 543 1567 est,
556 1509 594 1566 et,
604 1511 635 1557 ut
645 1499 730 1557 iidem
744 1499 849 1564 dicunt,

61 1595 165 1635 omnes
188 1595 319 1634 numeros
341 1576 459 1650 habet;‡
478 1597 540 1647 nee,
562 1589 661 1654 prater
681 1577 849 1654 sapientem,

61 1655 163 1713 eadere
178 1655 208 1712 in
222 1673 391 1732 quemquam
404 1665 506 1730 potest.

101 1731 181 1791 Cum
208 1743 300 1790 autem
321 1732 426 1806 aliquid
447 1743 539 1790 aetum
562 1744 607 1791 est
630 1734 737 1805 inquo
757 1731 851 1791 media

17 1829 18 1836 ¹
60 1811 156 1870 officia
170 1820 359 1888 compareant,
374 1811 403 1868 id
423 1811 561 1868 cumulate
575 1810 684 1868 videtur
703 1829 767 1868 esse
788 1829 849 1887 per·

60 1890 177 1958 fectum,
191 1901 339 1968 propterea
363 1889 439 1962 quod
452 1888 564 1966 vulgus,
579 1888 647 1962 quid
667 1889 739 1946 absit
753 1908 778 1945 a
787 1905 850 1966 per·

60 2071 123 2126 tute,
130 2065 152 2114 is
161 2065 280 2130 aerainly
289 2065 362 2115 arula
372 2065 470 2128 oepuble
478 2065 647 2130 ofdnngerous
655 2060 851 2127 interpretatione

60 2131 104 2181 but
114 2148 174 2196 may
185 2132 215 2180 be
226 2132 283 2179 thus
294 2131 428 2193 explained,
439 2133 492 2180 that
503 2131 555 2180 itis
566 2137 591 2179 to
602 2131 648 2180 live
660 2130 686 2178 in
703 2127 850 2192 conformity

60 2202 85 2245 to
95 2197 138 2246 the
149 2196 263 2244 relations
274 2196 356 2245 whioh
366 2201 452 2246 nutrire
461 2198 505 2246 hue
516 2195 668 2246 established.

91 2265 107 2295 ⁸
126 2259 332 2326 Cetera-legere.
368 2260 423 2310 The
445 2269 501 2321 rest,
517 2261 649 2310 umubered
665 2260 755 2324 hythe
771 2257 850 2307 Stoice

59 2341 151 2391 among
168 2327 303 2384 commode,
319 2331 362 2374 not
378 2327 456 2386 bona;
473 2343 499 2375 ss
515 2325 604 2385 health,
621 2317 717 2383 vientur
728 2325 812 2390 glory;
830 2323 850 2373 it
930 2326 932 2332 '

59 2405 111 2440 was
123 2391 252 2454 permitted
263 2397 289 2440 to
299 2391 357 2439 take
366 2407 406 2455 up,
417 2391 497 2458 legere
506 2397 591 2452 ,·-not
601 2398 627 2441 to
643 2406 733 2456 pursue
743 2405 771 2439 or
786 2388 850 2438 wine

60 2456 96 2506 for
107 2457 183 2504 them.
459 2499 461 2504 ,

92 2521 103 2573 i
120 2517 212 2569 Media.
244 2519 430 2571 videatne.

92 2584 211 2639 iOmnee
221 2601 333 2635 nummos
351 2585 426 2636 hahet.
458 2587 512 2636 Hae
529 2583 638 2636 attaiaed
652 2582 792 2656 persertim.
824 2579 849 2629 A

60 2651 186 2713 metaphor
197 2651 272 2700 taken
283 2651 347 2700 from
361 2652 402 2700 the
413 2651 543 2702 Paloertra.
575 2651 606 2701 Iu
617 2649 686 2698 those
696 2659 824 2704 exeroraes,
834 2661 850 2694 e

60 2729 119 2765 men
130 2715 186 2764 who
197 2715 304 2766 excelleo
316 2716 342 2764 in
353 2731 425 2782 every
436 2716 504 2778 point
515 2731 567 2766 was
578 2715 631 2764 said
646 2719 662 2744 ‘⁴
670 2727 755 2762 omnes
765 2725 849 2758 nume-

61 2797 102 2898 ξιξ
118 2780 230 2834 hebere”
257 2779 357 2834 vSeueea
374 2783 405 2832 de
421 2781 503 2832 Benef.
520 2781 562 2832 vii.
573 2795 595 2830 o.
607 2779 629 2830 1.
659 2774 763 2838 Quinot
774 2773 849 2826 atha

465 2914 501 2968 19
