1890 3224
100 201 159 256 250
379 199 428 248 DE
444 198 598 248 cuncus·

103 497 191 562 CAP.
212 496 294 560 XIV.
338 498 473 561 Tertium
487 515 568 560 ecem
587 500 650 560 lum
663 498 774 586 Pythi}
781 523 796 582 ,-
820 498 887 580 quid

364 581 404 639 sit
417 580 502 639 doliis
575 598 621 638 us.

51 785 55 797 k
140 722 225 790 Quot>
242 723 270 780 si
286 723 460 800 vituperandi
475 734 549 788 sunt,
564 723 612 795 qui
626 722 810 788 reticuerunt,
823 719 884 795 quid

66 831 72 842 ι
100 798 135 858 de
162 801 198 860 iis
225 801 441 859 existimandum
470 813 522 869 est,
539 798 588 873 qui
614 801 748 858 orationis
785 804 885 858 vanita-

100 884 175 936 tsm*
189 879 392 938 adhibuerunt?
433 878 470 936 O.
485 879 603 945 Canius,
621 897 707 951 eques
729 879 885 941 Romanus,

101 975 154 1014 nec
168 958 313 1026 infacetus,
328 969 355 1015 et
368 958 434 1014 setis
448 957 593 1023 litteratus,
605 974 670 1013 cum
684 975 714 1013 se
729 957 886 1032 Syracusas

100 1035 204 1094 otiandi
232 1046 262 1093 ut
287 1037 349 1111 ipse
376 1035 467 1092 dicere
495 1035 611 1101 solebat,
640 1053 697 1092 nou
725 1035 886 1110 negotiandi

101 1131 210 1181 caussa,
226 1114 399 1180 contulisset,
414 1112 563 1180 dictitabat,
579 1132 610 1171 se
630 1112 756 1170 hortulos
778 1113 885 1185 aliquos

100 1203 194 1250 emere
219 1193 302 1259 velle,
325 1211 380 1264 quo
401 1192 518 1249 invitare
539 1192 656 1258 amicos,
676 1202 705 1247 at
723 1188 773 1246 ubi
794 1193 886 1248 seob-

99 1267 201 1327 lectare
222 1271 283 1328 sine
304 1269 554 1345 interpellatoribus
575 1277 681 1344 posset.
724 1267 885 1334 Quodnam

99 1347 314 1422 percrebuisset,
327 1347 449 1422 Pythius
460 1348 487 1403 ei
496 1346 620 1418 quidam,
631 1347 679 1417 qui
690 1347 886 1421 argentariam

100 1423 204 1480 faceret
223 1424 381 1499 Syracusis,
397 1424 510 1480 venales
525 1424 639 1496 quidem
660 1443 691 1480 se
712 1424 811 1482 hortos
833 1443 886 1481 nou

100 1501 211 1568 hebere,
232 1501 385 1558 sed‘licere
405 1501 446 1557 uti
467 1501 569 1569 Canio,
592 1503 616 1558 si
637 1502 730 1569 vellet,
752 1511 783 1558 ut
808 1503 883 1559 suis:

100 1588 129 1636 et
147 1578 231 1635 simul
251 1577 285 1635 ad
306 1596 414 1637 ooenem
435 1579 580 1640 hominem
593 1582 623 1638 in
637 1580 734 1638 hornis
749 1581 884 1648 invitarit,

32 1672 33 1678 ¹
98 1656 129 1714 in
155 1666 299 1731 posterum
324 1657 411 1715 diem.
461 1657 537 1716 Cum
557 1659 604 1716 itte
625 1659 813 1734 promisisset,
830 1671 885 1716 tum

98 1732 231 1810 Pythius,
252 1736 300 1809 qui
326 1745 411 1803 esset,
431 1745 464 1794 ut
488 1737 669 1812 argentarius,
682 1736 765 1813 'apud
785 1755 883 1794 omnes

99 1811 211 1870 ordines
225 1814 372 1892 gratiosus,
387 1815 538 1892 piscatores
559 1814 594 1872 ad
614 1830 645 1871 se
669 1815 847 1881 convocavit,
861 1823 887 1871 et

98 1891 133 1949 ab
158 1892 203 1949 his
227 1892 336 1969 petivit,
362 1903 393 1950 ut
419 1902 482 1951 ante
505 1911 573 1950 suos
599 1891 724 1950 hortulos
750 1892 885 1968 postridie

100 1970 291 2046 piscarentur:
307 1971 443 2043 dixitque,
458 1969 525 2043 quid
538 1989 588 2028 eos
603 1970 692 2029 iacere
705 1971 797 2028 vellet
841 1969 886 2027 Ad
930 2019 931 2034 ,

73 2047 76 2052 ’
99 2065 218 2117 coenam,
231 2053 383 2125 ternpore,‡
393 2050 471 2107 venit
481 2047 604 2105 Canius:
620 2049 736 2125 opipare
751 2069 768 2104 a
778 2049 886 2124 Pythio
930 2069 931 2130 p

98 2134 259 2201 apparatum
286 2128 461 2185 convivium:
497 2127 662 2202 cymbarum
692 2136 755 2184 ante
788 2128 884 2184 oculos

42 2244 56 2264 t
96 2201 259 2336 multitugo:
272 2222 323 2279 pro
335 2223 366 2262 se
378 2206 507 2278 quisque,
517 2205 592 2276 quod
604 2213 725 2281 ceperat,
736 2204 884 2262 afferebat:

53 2301 59 2314 ¹
96 2287 158 2336 aute
173 2297 208 2354 pe
228 2299 259 2337 es
274 2281 382 2357 Pythii,
397 2283 491 2359 pisces
505 2283 713 2358 abjiciebantur.

135 2355 212 2413 'Pum
221 2356 567 2434 Gauius,Quoeso,iuquit,
575 2360 643 2434 quid
651 2362 767 2428 esthon,
778 2361 884 2438 Pythi!
928 2427 929 2430 Ἴ

926 2463 929 2496 t

368 2544 533 2595 CHAPTER
548 2543 617 2595 XIV.

125 2660 141 2692 Ἰ
157 2657 282 2708 orationis
292 2659 429 2707 vanitatem.
462 2657 601 2708 raucone.

124 2721 331 2785 tArgentariam.
363 2721 561 2784 Negationem,
572 2725 725 2775 understood.
757 2723 814 2774 The
831 2741 882 2789 pro

93 2782 182 2831 fea-ion
194 2784 223 2832 ot*
229 2801 244 2832 a
256 2783 467 2849 money-changes
478 2803 505 2834 or
516 2787 615 2837 banker.

125 2845 275 2909 iTcmpore.
308 2845 546 2910 Attdett'mefixed.

919 2920 927 3184 ‘t
