1888 3222
325 236 641 310 mariannam„
793 241 848 296 17³
927 225 930 230 ’

62 376 240 454 largitioque,
255 397 316 450 quae
331 379 363 436 fn
384 399 420 438 ex
438 399 468 438 re
481 380 619 446 familiari,
633 379 738 438 iontem
752 380 846 457 ipsum

61 456 242 531 benignitatis
265 457 403 514 exhaurit.
441 458 484 515 Ita
504 459 672 535 benignitate
691 459 858 533 benignitas

60 535 186 592 tollitur:
202 553 326 607 quaque
340 535 370 592 in
391 537 484 614 plures
505 555 574 593 usus
595 538 646 605 sis,
661 555 695 594 eo
709 538 802 594 miuus
816 537 846 594 in

59 612 167 670 multos
180 613 222 669 uti
239 614 342 688 possis.
482 669 489 688 ‚

100 691 141 747 At
155 691 203 760 qui
216 709 311 766 opera,
322 691 350 748 id
365 700 408 748 est
418 689 517 750 virtute
531 703 559 750 et
571 693 715 759 industria,
727 693 846 750 benefici

58 778 88 826 et
97 768 227 826 liberales
242 778 331 836 erunt,
341 770 463 844 primum
477 790 532 842 quo
546 772 671 845 pluribus
682 772 845 846 profuerint,

59 865 95 904 eo
104 847 201 922 plures
211 846 245 903 ad
253 848 372 924 benigne
383 847 539 906 faciendum
549 849 686 925 adjutores
697 849 845 907 habebunt.

59 923 175 984 Deinde
188 925 388 982 consuetudine
401 927 592 984 beneficentiae
604 927 753 1002 paratiores
765 935 846 982 erunt

59 1013 88 1060 et
101 1012 245 1073 tamquam
266 1004 472 1060 exereitatiores
486 1005 521 1060 ad
534 1006 605 1061 bene
619 1003 653 1060 de
667 1003 761 1060 multis
782 1022 845 1078 pro·

59 1081 236 1138 merendum.
277 1081 413 1139 Praeclare
440 1081 559 1157 epistola
582 1081 701 1153 quadam
725 1081 845 1138 Alexan·

59 1156 142 1216 drum
166 1159 256 1216 filium
280 1159 431 1236 Philippus
455 1169 576 1225 aecusat,
601 1158 677 1230 quod
699 1158 845 1234 largitione

58 1237 283 1295 benevolentiam
302 1236 491 1295 Macedonum
515 1246 699 1295 consectetur.
745 1236 844 1300 “Quae

59 1325 96 1382 te,
111 1314 230 1382 malum,
246 1314 369 1394 (inquit)
385 1317 469 1373 ratio*
485 1316 515 1373 in
525 1317 608 1373 istam
622 1333 703 1390 spem
724 1314 843 1381 induxit,

58 1403 88 1449 ut
101 1412 153 1450 eos
169 1393 219 1449 tibi
232 1392 329 1450 fideles
343 1403 454 1471 putares
468 1394 538 1461 fore,
553 1413 623 1466 quos
646 1394 764 1469 pecunia
785 1411 844 1449 cor·

58 1471 205 1546 rupissesl
245 1472 291 1528 An
310 1481 339 1528 tu
358 1472 386 1528 id
409 1474 478 1548 agia,
500 1483 531 1529 ut
549 1472 720 1530 Macedones
740 1489 796 1528 nou
817 1480 844 1527 te

57 1567 154 1625 regem
169 1565 262 1615 suum,
277 1549 327 1605 aed
337 1551 496 1608 ministrum
507 1560 535 1607 et
545 1552 720 1626 praebitorem
732 1557 846 1624 sperent

57 1627 116 1684 sore
130 1626 164 1683 l’'
207 1625 282 1684 Bene
304 1629 491 1686 “ministrum
505 1639 532 1685 et
545 1630 719 1704 praebitorem
727 1627 757 1692 ;·''
779 1627 845 1698 quia

56 1705 203 1762 sordidum
224 1706 297 1781 regi:
322 1707 423 1763 melius
447 1708 540 1772 etiam,
563 1706 638 1778 quod
657 1706 843 1780 largitionem,

56 1782 243 1858 eorruptelam
269 1802 333 1841 esse
356 1784 436 1840 dixit.
476 1785 524 1840 Fit
546 1785 622 1840 enim
649 1782 768 1839 deterior
794 1784 843 1852 qui

56 1862 170 1937 accipit,
186 1870 267 1933 atque
282 1862 316 1918 ad
326 1861 402 1918 idem
413 1879 526 1937 semper
536 1860 754 1936 exspectandum
766 1877 844 1933 para·

56 1941 121 1997 tior.
163 1938 230 1996 Hae
257 1939 304 1996 ille
330 1941 405 1997 filio:
440 1939 491 1996 sed
515 1947 683 2014 praeeeptum
711 1945 842 2010 putemus

55 2017 200 2076 omnibus.
240 2017 331 2084 Quam
354 2018 390 2076 ob
411 2037 470 2076 rem
484 2018 514 2074 id
527 2015 640 2090 quidem
657 2033 713 2073 nen
727 2013 842 2070 dubium

336 2253 499 2304 OHAPTER
514 2255 567 2304 XV.

88 2385 102 2416 ⁴
114 2381 211 2432 Malum
219 2384 288 2431 rotie.
317 2382 376 2441 Qua
385 2391 407 2432 te
416 2384 481 2433 mula
489 2387 565 2443 ratim·
577 2383 663 2448 pridie
672 2380 763 2431 melum
771 2383 843 2430 retia

54 2447 95 2495 aia
99 2466 108 2506 ;
116 2445 165 2496 and
173 2445 235 2511 qued
241 2453 264 2496 te
269 2446 361 2496 mulum
368 2449 477 2508 rationis,
482 2466 522 2498 are
530 2450 580 2499 also
586 2449 661 2498 fbund
667 2450 692 2496 in
700 2462 766 2494 some
771 2446 843 2495 Mss,

55 2512 93 2574 By
105 2513 175 2560 those
186 2512 243 2560 who
260 2512 338 2574 prefer
348 2513 389 2561 the
400 2521 497 2576 present
514 2515 622 2578 reading,
630 2529 719 2576 among
729 2511 811 2559 whom
822 2511 843 2558 ir

55 2575 183 2634 Erasmus,
194 2576 286 2625 malum
302 2577 324 2624 is
340 2579 485 2627 understood
503 2597 529 2628 aa
545 2596 577 2628 an
594 2575 795 2627 exclamationes
807 2576 843 2622 in-

53 2639 183 2705 dignation
193 2639 220 2688 in
231 2641 272 2689 the
283 2639 367 2702 father.
400 2638 843 2701 Valerius.Maximus,vii.2.10.thua

53 2707 215 2768 paraphrases
226 2707 267 2755 the
278 2722 344 2756 same
356 2723 457 2770 passage
466 2707 492 2754 in
503 2709 553 2757 this
563 2709 648 2756 lettor':
665 2705 746 2760 “Qute
758 2710 788 2760 w,
800 2703 843 2759 fili,

54 2771 117 2818 ratio
128 2770 155 2817 in
167 2771 231 2818 hane
242 2778 293 2818 tam
303 2787 390 2819 vanum
403 2788 469 2833 spem
482 2772 584 2829 induxit,
595 2779 623 2819 ut
639 2786 680 2818 eoa
698 2767 742 2815 tibi
760 2766 842 2813 fideles

53 2834 149 2883 futuros
166 2836 325 2894 existimares,
342 2852 402 2898 quos
420 2837 523 2898 pecunia
542 2838 572 2884 nd
593 2849 699 2883 amorem
721 2831 756 2879 tui
768 2845 843 2880 ¹eom-

54 2901 181 2961 pulisrso.''
214 2901 284 2958 Quae,
296 2901 401 2951 mulum!
418 2907 455 2947 est
466 2901 512 2948 ista
523 2901 591 2948 ratio.
623 2897 726 2957 Philipp.
738 2911 760 2942 x.
771 2895 794 2942 9.
806 2895 842 2940 18.

412 2977 477 3055 rar*
