<?xml version="1.0" encoding="UTF-8"?>
<!DOCTYPE html PUBLIC "-//W3C//DTD XHTML 1.0 Transitional//EN"
    "http://www.w3.org/TR/xhtml1/DTD/xhtml1-transitional.dtd">
<html xmlns="http://www.w3.org/1999/xhtml" xml:lang="en" lang="en">
 <head>
  <title>
</title>
<meta http-equiv="Content-Type" content="text/html;charset=utf-8" />
  <meta name='ocr-system' content='tesseract 3.04.00' />
  <meta name='ocr-capabilities' content='ocr_page ocr_carea ocr_par ocr_line ocrx_word'/>
</head>
<body>
  <div class='ocr_page' id='page_1' title='image "./deofficiislibri04cicegoog_0132.png"; bbox 0 0 1882 3216; ppageno 0'>
   <div class='ocr_carea' id='block_1_1' title="bbox 280 197 850 258">
    <p class='ocr_par' dir='ltr' id='par_1_1' title="bbox 280 197 850 258">
     <span class='ocr_line' id='line_1_1' title="bbox 280 197 850 258; baseline 0.004 -10"><span class='ocrx_word' id='word_1_1' title='bbox 280 199 346 250; x_wconf 88' lang='lat' dir='ltr'>LIB.</span> <span class='ocrx_word' id='word_1_2' title='bbox 364 199 384 250; x_wconf 90' lang='grc' dir='ltr'>Ι.</span> <span class='ocrx_word' id='word_1_3' title='bbox 415 197 490 250; x_wconf 79' lang='lat' dir='ltr'>cAP.</span> <span class='ocrx_word' id='word_1_4' title='bbox 506 197 635 249; x_wconf 83' lang='lat' dir='ltr'>XXXVII.</span> <span class='ocrx_word' id='word_1_5' title='bbox 799 199 850 258; x_wconf 91' lang='lat' dir='ltr'>lll</span> 
     </span>
    </p>
   </div>
   <div class='ocr_carea' id='block_1_2' title="bbox 60 333 854 422">
    <p class='ocr_par' dir='ltr' id='par_1_2' title="bbox 60 333 854 422">
     <span class='ocr_line' id='line_1_2' title="bbox 60 333 854 422; baseline 0 -20"><span class='ocrx_word' id='word_1_6' title='bbox 60 343 136 422; x_wconf 79' lang='lat' dir='ltr'>plen,</span> <span class='ocrx_word' id='word_1_7' title='bbox 149 345 236 403; x_wconf 89' lang='lat' dir='ltr'>altera</span> <span class='ocrx_word' id='word_1_8' title='bbox 244 333 443 410; x_wconf 80' lang='lat' dir='ltr'>contentionis,</span> <span class='ocrx_word' id='word_1_9' title='bbox 454 346 537 402; x_wconf 87' lang='lat' dir='ltr'>altera</span> <span class='ocrx_word' id='word_1_10' title='bbox 549 345 688 403; x_wconf 85' lang='lat' dir='ltr'>sermonis</span> <span class='ocrx_word' id='word_1_11' title='bbox 697 347 726 402; x_wconf 70' lang='grc' dir='ltr'>ε*</span> <span class='ocrx_word' id='word_1_12' title='bbox 739 354 854 403; x_wconf 87' lang='lat' dir='ltr'>eonten-</span> 
     </span>
    </p>
   </div>
   <div class='ocr_carea' id='block_1_3' title="bbox 37 423 863 2006">
    <p class='ocr_par' dir='ltr' id='par_1_3' title="bbox 59 423 856 658">
     <span class='ocr_line' id='line_1_3' title="bbox 61 423 855 502; baseline 0.003 -22"><span class='ocrx_word' id='word_1_13' title='bbox 61 425 98 481; x_wconf 90' lang='lat' dir='ltr'>tio</span> <span class='ocrx_word' id='word_1_14' title='bbox 121 423 374 502; x_wconf 74' lang='lat' dir='ltr'>disceptationibus</span> <span class='ocrx_word' id='word_1_15' title='bbox 396 426 529 482; x_wconf 84' lang='lat' dir='ltr'>tribuatur</span> <span class='ocrx_word' id='word_1_16' title='bbox 545 423 727 500; x_wconf 83' lang='lat' dir='ltr'>judiciorum.</span> <span class='ocrx_word' id='word_1_17' title='bbox 743 425 855 482; x_wconf 89' lang='lat' dir='ltr'>concio·</span> 
     </span>
     <span class='ocr_line' id='line_1_4' title="bbox 59 503 854 580; baseline 0.003 -20"><span class='ocrx_word' id='word_1_18' title='bbox 59 523 139 569; x_wconf 84' lang='lat' dir='ltr'>num,</span> <span class='ocrx_word' id='word_1_19' title='bbox 156 515 288 580; x_wconf 70' lang='lat' dir='ltr'>senatusr</span> <span class='ocrx_word' id='word_1_20' title='bbox 311 523 405 561; x_wconf 89' lang='lat' dir='ltr'>sermo</span> <span class='ocrx_word' id='word_1_21' title='bbox 421 503 448 560; x_wconf 91' lang='lat' dir='ltr'>in</span> <span class='ocrx_word' id='word_1_22' title='bbox 470 503 592 566; x_wconf 83' lang='lat' dir='ltr'>circulis.</span> <span class='ocrx_word' id='word_1_23' title='bbox 608 503 854 579; x_wconf 79' lang='lat' dir='ltr'>disputationibue‚</span> 
     </span>
     <span class='ocr_line' id='line_1_5' title="bbox 61 582 856 658; baseline 0.005 -21"><span class='ocrx_word' id='word_1_24' title='bbox 61 584 309 658; x_wconf 81' lang='lat' dir='ltr'>congressionibus</span> <span class='ocrx_word' id='word_1_25' title='bbox 344 582 521 639; x_wconf 80' lang='lat' dir='ltr'>familiarium</span> <span class='ocrx_word' id='word_1_26' title='bbox 556 595 690 650; x_wconf 80' lang='lat' dir='ltr'>versetur,</span> <span class='ocrx_word' id='word_1_27' title='bbox 724 593 856 656; x_wconf 87' lang='lat' dir='ltr'>sequatur</span> 
     </span>
    </p>

    <p class='ocr_par' dir='ltr' id='par_1_4' title="bbox 37 661 859 1208">
     <span class='ocr_line' id='line_1_6' title="bbox 37 661 854 737; baseline 0.007 -22"><span class='ocrx_word' id='word_1_28' title='bbox 37 694 40 709; x_wconf 48' lang='grc' dir='ltr'><strong><em>ι</em></strong></span> <span class='ocrx_word' id='word_1_29' title='bbox 61 663 145 720; x_wconf 86' lang='lat' dir='ltr'>etiarn</span> <span class='ocrx_word' id='word_1_30' title='bbox 161 662 301 719; x_wconf 83' lang='lat' dir='ltr'>convivia.</span> <span class='ocrx_word' id='word_1_31' title='bbox 344 661 543 718; x_wconf 79' lang='lat' dir='ltr'>Contentionis</span> <span class='ocrx_word' id='word_1_32' title='bbox 558 673 698 737; x_wconf 77' lang='lat' dir='ltr'>precepta</span> <span class='ocrx_word' id='word_1_33' title='bbox 712 661 854 721; x_wconf 83' lang='lat' dir='ltr'>rhetorum</span> 
     </span>
     <span class='ocr_line' id='line_1_7' title="bbox 62 740 855 812; baseline 0.005 -16"><span class='ocrx_word' id='word_1_34' title='bbox 62 754 146 808; x_wconf 86' lang='lat' dir='ltr'>sunt;</span> <span class='ocrx_word' id='word_1_35' title='bbox 169 741 245 798; x_wconf 91' lang='lat' dir='ltr'>nulla</span> <span class='ocrx_word' id='word_1_36' title='bbox 265 740 422 797; x_wconf 88' lang='lat' dir='ltr'>sermonis:</span> <span class='ocrx_word' id='word_1_37' title='bbox 445 757 614 812; x_wconf 89' lang='lat' dir='ltr'>quamquam</span> <span class='ocrx_word' id='word_1_38' title='bbox 636 740 712 798; x_wconf 91' lang='lat' dir='ltr'>haud</span> <span class='ocrx_word' id='word_1_39' title='bbox 728 741 799 810; x_wconf 86' lang='lat' dir='ltr'>scio,</span> <span class='ocrx_word' id='word_1_40' title='bbox 820 759 855 800; x_wconf 84' lang='lat' dir='ltr'>en</span> 
     </span>
     <span class='ocr_line' id='line_1_8' title="bbox 62 818 857 894; baseline 0.003 -18"><span class='ocrx_word' id='word_1_41' title='bbox 62 821 176 894; x_wconf 84' lang='lat' dir='ltr'>possint</span> <span class='ocrx_word' id='word_1_42' title='bbox 190 820 249 876; x_wconf 89' lang='lat' dir='ltr'>haeo</span> <span class='ocrx_word' id='word_1_43' title='bbox 264 837 376 892; x_wconf 91' lang='lat' dir='ltr'>quoque</span> <span class='ocrx_word' id='word_1_44' title='bbox 389 837 462 876; x_wconf 86' lang='lat' dir='ltr'>esse.</span> <span class='ocrx_word' id='word_1_45' title='bbox 504 818 560 876; x_wconf 86' lang='lat' dir='ltr'>Sed</span> <span class='ocrx_word' id='word_1_46' title='bbox 573 818 740 877; x_wconf 89' lang='lat' dir='ltr'>discentium</span> <span class='ocrx_word' id='word_1_47' title='bbox 756 819 857 878; x_wconf 86' lang='lat' dir='ltr'>studiis</span> 
     </span>
     <span class='ocr_line' id='line_1_9' title="bbox 62 897 856 976; baseline 0.004 -22"><span class='ocrx_word' id='word_1_48' title='bbox 62 900 245 956; x_wconf 87' lang='lat' dir='ltr'>inveniuntur</span> <span class='ocrx_word' id='word_1_49' title='bbox 265 898 389 976; x_wconf 84' lang='lat' dir='ltr'>magistri</span> <span class='ocrx_word' id='word_1_50' title='bbox 398 897 423 958; x_wconf 67' lang='lat' dir='ltr'>sl</span> <span class='ocrx_word' id='word_1_51' title='bbox 443 897 510 954; x_wconf 91' lang='lat' dir='ltr'>huic</span> <span class='ocrx_word' id='word_1_52' title='bbox 535 907 626 954; x_wconf 87' lang='lat' dir='ltr'>autem</span> <span class='ocrx_word' id='word_1_53' title='bbox 648 898 697 970; x_wconf 91' lang='lat' dir='ltr'>qui</span> <span class='ocrx_word' id='word_1_54' title='bbox 717 897 856 965; x_wconf 84' lang='lat' dir='ltr'>studeant,</span> 
     </span>
     <span class='ocr_line' id='line_1_10' title="bbox 61 975 858 1044; baseline 0.001 -10"><span class='ocrx_word' id='word_1_55' title='bbox 61 990 129 1035; x_wconf 84' lang='lat' dir='ltr'>sunt</span> <span class='ocrx_word' id='word_1_56' title='bbox 140 978 210 1035; x_wconf 91' lang='lat' dir='ltr'>nulli</span> <span class='ocrx_word' id='word_1_57' title='bbox 221 997 228 1044; x_wconf 86' lang='lat'>;</span> <span class='ocrx_word' id='word_1_58' title='bbox 251 978 393 1034; x_wconf 83' lang='lat' dir='ltr'>rhetorum</span> <span class='ocrx_word' id='word_1_59' title='bbox 408 977 488 1033; x_wconf 89' lang='lat' dir='ltr'>turba</span> <span class='ocrx_word' id='word_1_60' title='bbox 498 975 596 1032; x_wconf 85' lang='lat' dir='ltr'>referta</span> <span class='ocrx_word' id='word_1_61' title='bbox 607 978 713 1034; x_wconf 84' lang='lat' dir='ltr'>omnia.</span> <span class='ocrx_word' id='word_1_62' title='bbox 753 976 858 1042; x_wconf 87' lang='lat' dir='ltr'>Quam·</span> 
     </span>
     <span class='ocr_line' id='line_1_11' title="bbox 62 1053 859 1134; baseline 0 -21"><span class='ocrx_word' id='word_1_63' title='bbox 62 1075 158 1129; x_wconf 86' lang='lat' dir='ltr'>quarn,</span> <span class='ocrx_word' id='word_1_64' title='bbox 181 1075 244 1128; x_wconf 84' lang='lat' dir='ltr'>quae</span> <span class='ocrx_word' id='word_1_65' title='bbox 264 1057 411 1113; x_wconf 85' lang='lat' dir='ltr'>verborum</span> <span class='ocrx_word' id='word_1_66' title='bbox 441 1053 698 1126; x_wconf 85' lang='lat' dir='ltr'>sententiarumque</span> <span class='ocrx_word' id='word_1_67' title='bbox 719 1066 859 1134; x_wconf 84' lang='lat' dir='ltr'>praecepta</span> 
     </span>
     <span class='ocr_line' id='line_1_12' title="bbox 62 1133 679 1208; baseline -0.002 -16"><span class='ocrx_word' id='word_1_68' title='bbox 62 1145 138 1202; x_wconf 89' lang='lat' dir='ltr'>sunt,</span> <span class='ocrx_word' id='word_1_69' title='bbox 154 1134 254 1192; x_wconf 89' lang='lat' dir='ltr'>eadem</span> <span class='ocrx_word' id='word_1_70' title='bbox 268 1135 302 1192; x_wconf 89' lang='lat' dir='ltr'>ad</span> <span class='ocrx_word' id='word_1_71' title='bbox 316 1151 476 1191; x_wconf 85' lang='lat' dir='ltr'>sermonem</span> <span class='ocrx_word' id='word_1_72' title='bbox 493 1133 679 1208; x_wconf 84' lang='lat' dir='ltr'>pertinebunt.</span> 
     </span>
    </p>

    <p class='ocr_par' dir='ltr' id='par_1_5' title="bbox 62 1211 863 2006">
     <span class='ocr_line' id='line_1_13' title="bbox 101 1211 857 1281; baseline -0.004 -10"><span class='ocrx_word' id='word_1_73' title='bbox 101 1214 162 1272; x_wconf 85' lang='lat' dir='ltr'>Sed</span> <span class='ocrx_word' id='word_1_74' title='bbox 184 1233 248 1272; x_wconf 87' lang='lat' dir='ltr'>curn</span> <span class='ocrx_word' id='word_1_75' title='bbox 269 1214 403 1273; x_wconf 88' lang='lat' dir='ltr'>orationis</span> <span class='ocrx_word' id='word_1_76' title='bbox 421 1211 857 1281; x_wconf 75' lang='lat' dir='ltr'>iudicem,vocemhabeau1us;</span> 
     </span>
     <span class='ocr_line' id='line_1_14' title="bbox 62 1291 859 1366; baseline 0 -16"><span class='ocrx_word' id='word_1_77' title='bbox 62 1293 90 1350; x_wconf 90' lang='lat' dir='ltr'>in</span> <span class='ocrx_word' id='word_1_78' title='bbox 107 1311 179 1351; x_wconf 87' lang='lat' dir='ltr'>voce</span> <span class='ocrx_word' id='word_1_79' title='bbox 193 1303 286 1350; x_wconf 87' lang='lat' dir='ltr'>autem</span> <span class='ocrx_word' id='word_1_80' title='bbox 301 1292 357 1350; x_wconf 91' lang='lat' dir='ltr'>duo</span> <span class='ocrx_word' id='word_1_81' title='bbox 371 1309 533 1366; x_wconf 84' lang='lat' dir='ltr'>sequamur,</span> <span class='ocrx_word' id='word_1_82' title='bbox 547 1302 578 1348; x_wconf 88' lang='lat' dir='ltr'>ut</span> <span class='ocrx_word' id='word_1_83' title='bbox 598 1291 672 1348; x_wconf 89' lang='lat' dir='ltr'>clara</span> <span class='ocrx_word' id='word_1_84' title='bbox 691 1292 738 1359; x_wconf 88' lang='lat' dir='ltr'>sit,</span> <span class='ocrx_word' id='word_1_85' title='bbox 752 1301 784 1350; x_wconf 94' lang='lat' dir='ltr'>ut</span> <span class='ocrx_word' id='word_1_86' title='bbox 796 1311 859 1350; x_wconf 83' lang='lat' dir='ltr'>sua-</span> 
     </span>
     <span class='ocr_line' id='line_1_15' title="bbox 63 1369 857 1446; baseline 0.001 -18"><span class='ocrx_word' id='word_1_87' title='bbox 63 1374 125 1430; x_wconf 83' lang='lat' dir='ltr'>vis:</span> <span class='ocrx_word' id='word_1_88' title='bbox 156 1379 305 1444; x_wconf 83' lang='lat' dir='ltr'>utrumque</span> <span class='ocrx_word' id='word_1_89' title='bbox 332 1371 450 1429; x_wconf 89' lang='lat' dir='ltr'>omnino</span> <span class='ocrx_word' id='word_1_90' title='bbox 470 1390 487 1426; x_wconf 90' lang='lat' dir='ltr'>a</span> <span class='ocrx_word' id='word_1_91' title='bbox 507 1382 604 1431; x_wconf 90' lang='lat' dir='ltr'>natura</span> <span class='ocrx_word' id='word_1_92' title='bbox 623 1369 777 1446; x_wconf 81' lang='lat' dir='ltr'>petendum</span> <span class='ocrx_word' id='word_1_93' title='bbox 796 1380 857 1429; x_wconf 87' lang='lat' dir='ltr'>est:</span> 
     </span>
     <span class='ocr_line' id='line_1_16' title="bbox 64 1450 861 1526; baseline 0.001 -19"><span class='ocrx_word' id='word_1_94' title='bbox 64 1469 163 1510; x_wconf 84' lang='lat' dir='ltr'>verum</span> <span class='ocrx_word' id='word_1_95' title='bbox 179 1451 295 1510; x_wconf 86' lang='lat' dir='ltr'>alterum</span> <span class='ocrx_word' id='word_1_96' title='bbox 317 1450 479 1508; x_wconf 83' lang='lat' dir='ltr'>exercitatio</span> <span class='ocrx_word' id='word_1_97' title='bbox 500 1450 621 1526; x_wconf 84' lang='lat' dir='ltr'>augebit,</span> <span class='ocrx_word' id='word_1_98' title='bbox 636 1450 754 1508; x_wconf 85' lang='lat' dir='ltr'>alterum</span> <span class='ocrx_word' id='word_1_99' title='bbox 770 1452 861 1508; x_wconf 88' lang='lat' dir='ltr'>imita·</span> 
     </span>
     <span class='ocr_line' id='line_1_17' title="bbox 63 1528 860 1608; baseline 0 -20"><span class='ocrx_word' id='word_1_100' title='bbox 63 1533 102 1589; x_wconf 85' lang='lat' dir='ltr'>tio</span> <span class='ocrx_word' id='word_1_101' title='bbox 124 1533 240 1608; x_wconf 82' lang='lat' dir='ltr'>presso‡</span> <span class='ocrx_word' id='word_1_102' title='bbox 258 1528 436 1603; x_wconf 89' lang='lat' dir='ltr'>loquentium</span> <span class='ocrx_word' id='word_1_103' title='bbox 456 1539 485 1586; x_wconf 89' lang='lat' dir='ltr'>et</span> <span class='ocrx_word' id='word_1_104' title='bbox 503 1529 613 1586; x_wconf 88' lang='lat' dir='ltr'>leniter.</span> <span class='ocrx_word' id='word_1_105' title='bbox 656 1529 739 1587; x_wconf 89' lang='lat' dir='ltr'>Nihil</span> <span class='ocrx_word' id='word_1_106' title='bbox 758 1528 811 1588; x_wconf 93' lang='lat' dir='ltr'>fuit</span> <span class='ocrx_word' id='word_1_107' title='bbox 829 1530 860 1588; x_wconf 89' lang='lat' dir='ltr'>in</span> 
     </span>
     <span class='ocr_line' id='line_1_18' title="bbox 64 1606 861 1684; baseline 0 -18"><span class='ocrx_word' id='word_1_108' title='bbox 64 1606 189 1676; x_wconf 78' lang='lat' dir='ltr'>Catulis,</span> <span class='ocrx_word' id='word_1_109' title='bbox 202 1618 235 1666; x_wconf 90' lang='lat' dir='ltr'>ut</span> <span class='ocrx_word' id='word_1_110' title='bbox 253 1627 303 1666; x_wconf 88' lang='lat' dir='ltr'>eos</span> <span class='ocrx_word' id='word_1_111' title='bbox 324 1609 467 1681; x_wconf 84' lang='lat' dir='ltr'>exquisito</span> <span class='ocrx_word' id='word_1_112' title='bbox 478 1607 586 1684; x_wconf 87' lang='lat' dir='ltr'>jndicio</span> <span class='ocrx_word' id='word_1_113' title='bbox 607 1618 720 1684; x_wconf 86' lang='lat' dir='ltr'>putares</span> <span class='ocrx_word' id='word_1_114' title='bbox 734 1609 774 1666; x_wconf 89' lang='lat' dir='ltr'>uti</span> <span class='ocrx_word' id='word_1_115' title='bbox 788 1609 861 1667; x_wconf 88' lang='lat' dir='ltr'>litte·</span> 
     </span>
     <span class='ocr_line' id='line_1_19' title="bbox 63 1685 860 1768; baseline -0.003 -22"><span class='ocrx_word' id='word_1_116' title='bbox 63 1707 179 1748; x_wconf 88' lang='lat' dir='ltr'>rarum:</span> <span class='ocrx_word' id='word_1_117' title='bbox 202 1686 384 1768; x_wconf 84' lang='lat' dir='ltr'>(quamquam</span> <span class='ocrx_word' id='word_1_118' title='bbox 405 1698 483 1744; x_wconf 87' lang='lat' dir='ltr'>erant</span> <span class='ocrx_word' id='word_1_119' title='bbox 501 1686 623 1754; x_wconf 82' lang='lat' dir='ltr'>litterati,</span> <span class='ocrx_word' id='word_1_120' title='bbox 645 1687 696 1747; x_wconf 88' lang='lat' dir='ltr'>sed</span> <span class='ocrx_word' id='word_1_121' title='bbox 709 1685 809 1765; x_wconf 89' lang='lat' dir='ltr'>etalii)</span> <span class='ocrx_word' id='word_1_122' title='bbox 829 1687 860 1744; x_wconf 92' lang='lat' dir='ltr'>hi</span> 
     </span>
     <span class='ocr_line' id='line_1_20' title="bbox 65 1764 862 1844; baseline -0.003 -19"><span class='ocrx_word' id='word_1_123' title='bbox 65 1778 159 1826; x_wconf 87' lang='lat' dir='ltr'>autem</span> <span class='ocrx_word' id='word_1_124' title='bbox 179 1768 287 1844; x_wconf 89' lang='lat' dir='ltr'>optime</span> <span class='ocrx_word' id='word_1_125' title='bbox 301 1767 342 1825; x_wconf 89' lang='lat' dir='ltr'>uti</span> <span class='ocrx_word' id='word_1_126' title='bbox 354 1766 452 1842; x_wconf 84' lang='lat' dir='ltr'>lingua</span> <span class='ocrx_word' id='word_1_127' title='bbox 472 1764 573 1825; x_wconf 89' lang='lat' dir='ltr'>Latina</span> <span class='ocrx_word' id='word_1_128' title='bbox 591 1765 767 1842; x_wconf 86' lang='lat' dir='ltr'>putabantur.</span> <span class='ocrx_word' id='word_1_129' title='bbox 809 1765 862 1823; x_wconf 84' lang='lat' dir='ltr'>So·</span> 
     </span>
     <span class='ocr_line' id='line_1_21' title="bbox 64 1844 863 1918; baseline -0.005 -13"><span class='ocrx_word' id='word_1_130' title='bbox 64 1865 118 1905; x_wconf 88' lang='lat' dir='ltr'>nus</span> <span class='ocrx_word' id='word_1_131' title='bbox 140 1857 201 1904; x_wconf 86' lang='lat' dir='ltr'>erat</span> <span class='ocrx_word' id='word_1_132' title='bbox 221 1844 331 1913; x_wconf 78' lang='lat' dir='ltr'>dulcis3</span> <span class='ocrx_word' id='word_1_133' title='bbox 351 1846 450 1904; x_wconf 79' lang='lat' dir='ltr'>litterae</span> <span class='ocrx_word' id='word_1_134' title='bbox 471 1861 563 1915; x_wconf 88' lang='lat' dir='ltr'>neque</span> <span class='ocrx_word' id='word_1_135' title='bbox 584 1859 737 1918; x_wconf 85' lang='lat' dir='ltr'>expressae,</span> <span class='ocrx_word' id='word_1_136' title='bbox 758 1861 794 1900; x_wconf 89' lang='lat' dir='ltr'>ne</span> <span class='ocrx_word' id='word_1_137' title='bbox 814 1853 863 1902; x_wconf 87' lang='lat' dir='ltr'>aut</span> 
     </span>
     <span class='ocr_line' id='line_1_22' title="bbox 62 1920 861 2006; baseline -0.005 -22"><span class='ocrx_word' id='word_1_138' title='bbox 62 1925 218 1986; x_wconf 86' lang='lat' dir='ltr'>obscurum</span> <span class='ocrx_word' id='word_1_139' title='bbox 233 1933 319 1993; x_wconf 87' lang='lat' dir='ltr'>esset,</span> <span class='ocrx_word' id='word_1_140' title='bbox 328 1933 382 2006; x_wconf 80' lang='lat' dir='ltr'>¹sut</span> <span class='ocrx_word' id='word_1_141' title='bbox 395 1920 550 2000; x_wconf 87' lang='lat' dir='ltr'>putidum.§</span> <span class='ocrx_word' id='word_1_142' title='bbox 592 1921 662 1978; x_wconf 79' lang='lat' dir='ltr'>Sina</span> <span class='ocrx_word' id='word_1_143' title='bbox 682 1921 861 1980; x_wconf 81' lang='lat' dir='ltr'>contentione</span> 
     </span>
    </p>
   </div>
   <div class='ocr_carea' id='block_1_4' title="bbox 308 2047 623 2102">
    <p class='ocr_par' dir='ltr' id='par_1_6' title="bbox 308 2047 623 2102">
     <span class='ocr_line' id='line_1_23' title="bbox 308 2047 623 2102; baseline -0.016 0"><span class='ocrx_word' id='word_1_144' title='bbox 308 2049 475 2102; x_wconf 86' lang='lat' dir='ltr'><strong>CHAPTER</strong></span> <span class='ocrx_word' id='word_1_145' title='bbox 493 2047 623 2101; x_wconf 84' lang='lat' dir='ltr'>XXXVII.</span> 
     </span>
    </p>
   </div>
   <div class='ocr_carea' id='block_1_5' title="bbox 67 2146 866 2935">
    <p class='ocr_par' dir='ltr' id='par_1_7' title="bbox 67 2146 864 2338">
     <span class='ocr_line' id='line_1_24' title="bbox 97 2146 864 2224; baseline -0.01 -20"><span class='ocrx_word' id='word_1_146' title='bbox 97 2153 218 2204; x_wconf 68' lang='lat' dir='ltr'>*Altera</span> <span class='ocrx_word' id='word_1_147' title='bbox 235 2154 361 2202; x_wconf 74' lang='lat' dir='ltr'>emmonis.</span> <span class='ocrx_word' id='word_1_148' title='bbox 393 2151 449 2200; x_wconf 87' lang='lat' dir='ltr'>The</span> <span class='ocrx_word' id='word_1_149' title='bbox 471 2149 560 2199; x_wconf 72' lang='lat' dir='ltr'>talentu</span> <span class='ocrx_word' id='word_1_150' title='bbox 582 2147 619 2200; x_wconf 85' lang='lat' dir='ltr'>for</span> <span class='ocrx_word' id='word_1_151' title='bbox 632 2146 715 2214; x_wconf 74' lang='lat' dir='ltr'>pullis</span> <span class='ocrx_word' id='word_1_152' title='bbox 737 2147 864 2224; x_wconf 63' lang='lat' dir='ltr'>sperling,</span> 
     </span>
     <span class='ocr_line' id='line_1_25' title="bbox 67 2211 864 2282; baseline -0.006 -13"><span class='ocrx_word' id='word_1_153' title='bbox 67 2220 254 2282; x_wconf 65' lang='lat' dir='ltr'>(cmrtmttionin)</span> <span class='ocrx_word' id='word_1_154' title='bbox 267 2235 308 2268; x_wconf 87' lang='lat' dir='ltr'>are</span> <span class='ocrx_word' id='word_1_155' title='bbox 319 2217 410 2281; x_wconf 84' lang='lat' dir='ltr'>widely</span> <span class='ocrx_word' id='word_1_156' title='bbox 421 2213 535 2264; x_wconf 84' lang='lat' dir='ltr'>different</span> <span class='ocrx_word' id='word_1_157' title='bbox 550 2213 613 2263; x_wconf 87' lang='lat' dir='ltr'>from</span> <span class='ocrx_word' id='word_1_158' title='bbox 630 2213 698 2262; x_wconf 85' lang='lat' dir='ltr'>those</span> <span class='ocrx_word' id='word_1_159' title='bbox 709 2211 792 2264; x_wconf 79' lang='lat' dir='ltr'>which</span> <span class='ocrx_word' id='word_1_160' title='bbox 807 2231 864 2269; x_wconf 71' lang='lat' dir='ltr'>ene·</span> 
     </span>
     <span class='ocr_line' id='line_1_26' title="bbox 67 2279 690 2338; baseline -0.01 -4"><span class='ocrx_word' id='word_1_161' title='bbox 67 2287 104 2334; x_wconf 91' lang='lat' dir='ltr'>ble</span> <span class='ocrx_word' id='word_1_162' title='bbox 116 2303 132 2334; x_wconf 82' lang='lat' dir='ltr'>a</span> <span class='ocrx_word' id='word_1_163' title='bbox 143 2301 202 2334; x_wconf 83' lang='lat' dir='ltr'>runn</span> <span class='ocrx_word' id='word_1_164' title='bbox 214 2291 240 2333; x_wconf 85' lang='lat' dir='ltr'>to</span> <span class='ocrx_word' id='word_1_165' title='bbox 251 2283 319 2332; x_wconf 85' lang='lat' dir='ltr'>excel</span> <span class='ocrx_word' id='word_1_166' title='bbox 330 2283 357 2332; x_wconf 88' lang='lat' dir='ltr'>iu</span> <span class='ocrx_word' id='word_1_167' title='bbox 368 2279 534 2331; x_wconf 73' lang='lat' dir='ltr'>ennoematice</span> <span class='ocrx_word' id='word_1_168' title='bbox 540 2297 550 2338; x_wconf 89' lang='lat'>,·</span> <span class='ocrx_word' id='word_1_169' title='bbox 566 2280 690 2329; x_wconf 77' lang='lat' dir='ltr'>sermonis.</span> 
     </span>
    </p>

    <p class='ocr_par' dir='ltr' id='par_1_8' title="bbox 67 2345 864 2537">
     <span class='ocr_line' id='line_1_27' title="bbox 97 2345 864 2412; baseline -0.004 -15"><span class='ocrx_word' id='word_1_170' title='bbox 97 2352 111 2402; x_wconf 88' lang='lat'>†</span> <span class='ocrx_word' id='word_1_171' title='bbox 128 2349 294 2398; x_wconf 77' lang='lat' dir='ltr'>Inveniuntur</span> <span class='ocrx_word' id='word_1_172' title='bbox 308 2347 431 2412; x_wconf 76' lang='lat' dir='ltr'>magistri.</span> <span class='ocrx_word' id='word_1_173' title='bbox 463 2345 539 2394; x_wconf 87' lang='lat' dir='ltr'>Were</span> <span class='ocrx_word' id='word_1_174' title='bbox 554 2345 622 2394; x_wconf 87' lang='lat' dir='ltr'>there</span> <span class='ocrx_word' id='word_1_175' title='bbox 638 2361 738 2408; x_wconf 77' lang='lat' dir='ltr'>perrone</span> <span class='ocrx_word' id='word_1_176' title='bbox 754 2345 864 2395; x_wconf 77' lang='lat' dir='ltr'>desirous</span> 
     </span>
     <span class='ocr_line' id='line_1_28' title="bbox 67 2411 864 2478; baseline -0.005 -14"><span class='ocrx_word' id='word_1_177' title='bbox 67 2415 97 2464; x_wconf 86' lang='lat' dir='ltr'>of</span> <span class='ocrx_word' id='word_1_178' title='bbox 107 2413 234 2478; x_wconf 78' lang='lat' dir='ltr'>receiving</span> <span class='ocrx_word' id='word_1_179' title='bbox 245 2414 310 2462; x_wconf 85' lang='lat' dir='ltr'>rules</span> <span class='ocrx_word' id='word_1_180' title='bbox 321 2420 346 2462; x_wconf 86' lang='lat' dir='ltr'>to</span> <span class='ocrx_word' id='word_1_181' title='bbox 357 2412 442 2461; x_wconf 84' lang='lat' dir='ltr'>enable</span> <span class='ocrx_word' id='word_1_182' title='bbox 453 2413 521 2460; x_wconf 88' lang='lat' dir='ltr'>them</span> <span class='ocrx_word' id='word_1_183' title='bbox 532 2417 558 2460; x_wconf 87' lang='lat' dir='ltr'>to</span> <span class='ocrx_word' id='word_1_184' title='bbox 568 2411 635 2460; x_wconf 74' lang='lat' dir='ltr'>excel</span> <span class='ocrx_word' id='word_1_185' title='bbox 646 2411 673 2460; x_wconf 88' lang='lat' dir='ltr'>in</span> <span class='ocrx_word' id='word_1_186' title='bbox 688 2411 864 2470; x_wconf 74' lang='lat' dir='ltr'>conversation,</span> 
     </span>
     <span class='ocr_line' id='line_1_29' title="bbox 69 2475 532 2537; baseline -0.013 -7"><span class='ocrx_word' id='word_1_187' title='bbox 69 2481 214 2537; x_wconf 77' lang='lat' dir='ltr'>instructore</span> <span class='ocrx_word' id='word_1_188' title='bbox 224 2479 306 2528; x_wconf 88' lang='lat' dir='ltr'>would</span> <span class='ocrx_word' id='word_1_189' title='bbox 317 2479 400 2528; x_wconf 86' lang='lat' dir='ltr'>nothe</span> <span class='ocrx_word' id='word_1_190' title='bbox 411 2475 532 2526; x_wconf 87' lang='lat' dir='ltr'>deficient.</span> 
     </span>
    </p>

    <p class='ocr_par' dir='ltr' id='par_1_9' title="bbox 69 2540 866 2799">
     <span class='ocr_line' id='line_1_30' title="bbox 101 2540 865 2606; baseline -0.013 -8"><span class='ocrx_word' id='word_1_191' title='bbox 101 2545 227 2598; x_wconf 82' lang='lat' dir='ltr'>lPreeee.</span> <span class='ocrx_word' id='word_1_192' title='bbox 260 2545 315 2592; x_wconf 85' lang='lat' dir='ltr'>One</span> <span class='ocrx_word' id='word_1_193' title='bbox 331 2540 385 2591; x_wconf 88' lang='lat' dir='ltr'>MS.</span> <span class='ocrx_word' id='word_1_194' title='bbox 402 2543 446 2591; x_wconf 81' lang='lat' dir='ltr'>hue</span> <span class='ocrx_word' id='word_1_195' title='bbox 466 2557 584 2606; x_wconf 77' lang='lat' dir='ltr'>expresse.</span> <span class='ocrx_word' id='word_1_196' title='bbox 617 2541 657 2590; x_wconf 92' lang='lat' dir='ltr'>On</span> <span class='ocrx_word' id='word_1_197' title='bbox 677 2557 692 2589; x_wconf 87' lang='lat' dir='ltr'>a</span> <span class='ocrx_word' id='word_1_198' title='bbox 711 2541 865 2604; x_wconf 84' lang='lat' dir='ltr'>comparison</span> 
     </span>
     <span class='ocr_line' id='line_1_31' title="bbox 69 2605 864 2674; baseline -0.01 -14"><span class='ocrx_word' id='word_1_199' title='bbox 69 2611 128 2660; x_wconf 81' lang='lat' dir='ltr'>with</span> <span class='ocrx_word' id='word_1_200' title='bbox 146 2611 188 2658; x_wconf 91' lang='lat' dir='ltr'>the</span> <span class='ocrx_word' id='word_1_201' title='bbox 205 2609 331 2674; x_wconf 79' lang='lat' dir='ltr'>following</span> <span class='ocrx_word' id='word_1_202' title='bbox 347 2611 470 2674; x_wconf 74' lang='lat' dir='ltr'>passages,</span> <span class='ocrx_word' id='word_1_203' title='bbox 478 2607 498 2657; x_wconf 87' lang='lat' dir='ltr'>it</span> <span class='ocrx_word' id='word_1_204' title='bbox 509 2607 531 2655; x_wconf 85' lang='lat' dir='ltr'>is</span> <span class='ocrx_word' id='word_1_205' title='bbox 542 2606 664 2671; x_wconf 86' lang='lat' dir='ltr'>evidently</span> <span class='ocrx_word' id='word_1_206' title='bbox 675 2613 718 2654; x_wconf 91' lang='lat' dir='ltr'>not</span> <span class='ocrx_word' id='word_1_207' title='bbox 729 2605 769 2653; x_wconf 88' lang='lat' dir='ltr'>the</span> <span class='ocrx_word' id='word_1_208' title='bbox 784 2620 864 2652; x_wconf 84' lang='lat' dir='ltr'>mean·</span> 
     </span>
     <span class='ocr_line' id='line_1_32' title="bbox 71 2670 866 2799; baseline -0.015 -9"><span class='ocrx_word' id='word_1_209' title='bbox 71 2670 866 2799; x_wconf 57' lang='lat' dir='ltr'>thtlthttttuttttttttttlllhfttttt&#39;tnttt</span> 
     </span>
    </p>

    <p class='ocr_par' dir='ltr' id='par_1_10' title="bbox 71 2808 849 2935">
     <span class='ocr_line' id='line_1_33' title="bbox 114 2808 156 2855; baseline 0.024 -1"><span class='ocrx_word' id='word_1_210' title='bbox 114 2808 156 2855; x_wconf 92' lang='lat' dir='ltr'>nd.</span> 
     </span>
     <span class='ocr_line' id='line_1_34' title="bbox 71 2823 849 2935; baseline -0.023 -13"><span class='ocrx_word' id='word_1_211' title='bbox 71 2823 115 2932; x_wconf 54' lang='lat' dir='ltr'>ml</span> <span class='ocrx_word' id='word_1_212' title='bbox 132 2871 170 2921; x_wconf 82' lang='lat' dir='ltr'>Ne</span> <span class='ocrx_word' id='word_1_213' title='bbox 181 2868 378 2935; x_wconf 72' lang='lat' dir='ltr'>ortt-putidum.</span> <span class='ocrx_word' id='word_1_214' title='bbox 411 2869 435 2916; x_wconf 81' lang='lat' dir='ltr'>A</span> <span class='ocrx_word' id='word_1_215' title='bbox 446 2867 573 2928; x_wconf 87' lang='lat' dir='ltr'>metaphor</span> <span class='ocrx_word' id='word_1_216' title='bbox 587 2860 735 2913; x_wconf 80' lang='lat' dir='ltr'>transferred</span> <span class='ocrx_word' id='word_1_217' title='bbox 745 2859 807 2907; x_wconf 85' lang='lat' dir='ltr'>from</span> <span class='ocrx_word' id='word_1_218' title='bbox 823 2857 849 2906; x_wconf 62' lang='lat' dir='ltr'>th</span> 
     </span>
    </p>
   </div>
   <div class='ocr_carea' id='block_1_6' title="bbox 0 0 957 3216">
    <p class='ocr_par' dir='ltr' id='par_1_11' title="bbox 0 0 957 3216">
     <span class='ocr_line' id='line_1_35' title="bbox 0 0 957 3216; baseline 0 0"><span class='ocrx_word' id='word_1_219' title='bbox 0 0 957 3216; x_wconf 95' lang='lat' dir='ltr'> </span> 
     </span>
    </p>
   </div>
  </div>
 </body>
</html>
