1896 3220
313 198 406 253 arnt
425 197 581 253 otnxvr.
637 182 643 192 '
800 205 835 260 ῆι

60 353 122 404 sunt
141 343 252 422 generis
265 345 338 422 ejus,
353 345 428 418 quod
443 345 476 403 ab
489 344 585 404 Ennio
599 345 723 424 positum
737 345 766 404 iu
780 363 838 404 una

13 443 14 510 j
59 427 114 494 re,*
128 422 270 482 transferri
283 423 313 481 in
327 425 428 482 multas
443 434 544 501 potest.

96 551 203 620 Homo,
219 555 267 626 qui
280 555 381 612 erranti
394 555 509 613 comiter
522 565 657 614 monstrat
667 557 751 625 viam,

96 632 184 698 Quasi
199 632 233 689 de
247 651 299 690 suo
311 633 416 691 lumine
430 635 524 692 lumen
535 634 674 701 accendat,
690 636 763 692 facit.

96 709 303 768 Nihilominus
318 712 372 788 ipsi
386 712 468 800 lucet,
483 729 549 771 oum
562 713 603 770 illi
617 713 782 772 accenderit.

96 836 162 895 Una
175 855 212 895 ex
224 856 254 895 re
269 838 336 896 satis
350 839 486 915 precipit,
500 848 540 908 ut,
555 839 699 912 quidquid,
714 841 776 898 sine
790 839 837 898 de-

58 915 185 973 trimento
196 917 287 992 possit
298 916 479 984 commodari,
491 917 520 974 id
531 918 663 976 tribuatur
671 918 716 975 val
729 919 835 994 ignoto.

57 991 103 1051 Ex
117 1012 174 1066 quo
187 1005 253 1052 sunt
267 995 313 1052 illa
332 995 503 1062 communia,
524 1013 582 1053 non
602 996 748 1071 prohibere
765 1015 838 1068 aqua

57 1071 210 1147 profluente
222 1073 245 1140 ;†
264 1075 320 1149 pati
344 1074 379 1130 ab
403 1074 469 1148 igne
495 1073 589 1149 ignem
615 1091 724 1149 capere,
746 1073 837 1145 siqui

56 1149 138 1218 velit3
160 1151 309 1209 consilium
323 1151 406 1210 fidele
420 1150 581 1209 deliberanti
591 1148 676 1208 dare:
697 1169 758 1223 quae
773 1159 838 1209 sunt

55 1228 88 1284 iis
97 1229 186 1296 utilia,
202 1231 250 1302 qni
264 1230 421 1306 accipiunt;
438 1229 512 1288 danti
524 1248 580 1288 non
595 1229 722 1288 molesta.
744 1228 837 1295 Quare

55 1315 82 1364 et
94 1307 140 1364 bis
154 1306 288 1365 utendum
309 1318 361 1375 est,
376 1317 404 1365 et
417 1326 529 1386 semper
544 1308 648 1381 aliquid
663 1307 697 1365 ad
711 1326 837 1366 commu·

55 1402 117 1442 nem
132 1386 280 1448 utilitatem
295 1385 482 1444 adserendum.
524 1386 581 1444 Sed
601 1387 732 1459 quoniam
748 1386 836 1462 copiae

53 1480 144 1538 parvae
164 1464 338 1539 singulorum
362 1468 461 1538 sunt;‡
480 1483 576 1522 eorum
597 1476 699 1532 autema
720 1464 834 1539 quibis

54 1551 161 1618 egeant,
182 1541 291 1599 infinita
304 1553 347 1599 est
360 1543 524 1609 multitudo;
545 1544 666 1619 vulgaris
686 1543 835 1603 liberalitas

55 1619 213 1695 reserenda§
228 1630 272 1678 est
284 1620 319 1678 ad
332 1621 412 1678 illum
426 1621 515 1678 Ennii
527 1621 624 1690 finem,

249 1748 351 1807 Nihilo
363 1748 457 1807 minas
471 1747 529 1824 ipsi
540 1746 633 1816 lucet;

54 1887 83 1936 ut
94 1877 211 1937 facultas
225 1878 271 1948 sit,
285 1880 382 1952 quain
396 1863 522 1950 nostrosss
537 1875 626 1936 simus
640 1874 778 1934 liberales.

84 2035 100 2068 ⁸
114 2033 214 2084 Unore.
247 2034 468 2098 Bponeeoeumple.

82 2099 178 2162 {Aqua
192 2100 331 2162 profluente.
365 2101 443 2160 Many
459 2097 527 2158 carly
543 2097 648 2145 editions
664 2097 727 2144 have
748 2112 836 2162 aquam

51 2162 215 2225 profluentem.
238 2165 306 2238 ¹This
318 2165 418 2224 reading
436 2163 455 2210 it
468 2164 541 2209 found
554 2163 577 2208 in
590 2163 684 2209 several
696 2161 769 2211 MSS.
786 2165 835 2210 and

54 2227 205 2352 adppgplitgv
213 2227 453 2352 gilideprr'iregidiiirm
467 2293 537 2338 ruat.-
553 2289 591 2336 tlte
607 2302 689 2337 meum
704 2289 735 2354 os
748 2289 836 2338 indiui-

54 2351 125 2400 duolr
137 2368 178 2401 ore
193 2354 291 2402 timited.
501 2387 508 2408 ,

84 2415 230 2482 §Vulgaris
248 2417 377 2466 liberalitas
395 2416 528 2480 referendo.
564 2415 612 2463 Tlre
631 2431 737 2466 memore
756 2417 838 2480 osour

55 2479 270 2543 liberulityrtould
280 2482 306 2528 be
317 2481 425 2528 borrnded
437 2483 510 2542 hythe
522 2479 574 2526 rulo
586 2479 617 2542 of
623 2481 724 2528 Eunias.
757 2482 785 2526 ln
795 2481 836 2524 the

54 2547 192 2606 preceding
203 2560 309 2605 passage
320 2560 347 2590 as
366 2547 419 2590 well
432 2561 459 2592 as
473 2546 515 2590 tbo
531 2552 638 2604 present,
649 2544 744 2591 several
762 2542 835 2590 Mss.

55 2609 263 2734 hallelirwiiditros.
301 2673 342 2720 To·
355 2673 423 2718 those
440 2669 605 2732 immediately
625 2669 758 2718 connected
778 2665 836 2710 with

56 2749 91 2781 ur.
