1890 3224
85 213 144 268 246
395 201 442 256 DE
461 205 613 256 omens.

82 351 150 416 lare.
165 349 240 410 aliud
253 361 360 408 tacere:
382 367 475 422 neque
496 367 551 426 ego
565 365 639 406 nuno
653 357 680 406 te
692 347 766 413 eelo,
782 349 807 405 si
820 349 872 408 tibi

83 449 140 488 non
165 429 238 495 dieo,
260 447 322 501 quae
342 435 439 486 natur'a
459 427 573 486 deorum
598 427 649 493 sit;
671 427 720 499 qui
740 427 780 483 sit
806 428 871 485 finis

83 509 238 566 bonorum:
261 525 322 579 quas
337 507 387 564 tibi
401 506 464 582 plus
477 505 642 582 prodessent
652 506 773 581 cognita,
787 525 870 577 quam

84 586 167 647 tritici
180 585 282 642 vilitas.
311 584 368 642 Sed
383 585 530 656 numquid,
545 583 620 656 quod
632 584 682 640 tibi
697 583 793 640 audire
805 586 871 642 utile

84 675 136 730 est,
161 663 189 720 id
216 663 287 721 mihi
314 662 407 721 dicere
427 680 544 720 neeesse
572 661 636 719 esti
676 661 769 719 lmmo
794 681 871 730 vero,

913 223 921 260 t

83 743 191 814 inquiet
204 742 261 810 ille,
277 760 393 799 neeesse
404 749 456 807 eet,
470 743 495 798 si
508 739 622 813 quidem
633 741 798 808 meministi,
808 760 872 798 esse
931 754 934 793 ι

84 821 156 878 inter
171 821 300 878 homines
314 832 411 878 natura
421 820 599 896 conjunctam
613 819 786 876 societatem.
809 820 872 877 Me·
931 818 935 842 ¹

82 900 163 966 mim,
178 899 286 971 inquiet
298 889 360 957 ilie:
383 896 432 956 sed
451 916 520 955 num
534 897 587 954 ista
601 899 720 954 societas
740 897 803 954 talis
818 908 871 966 est,

82 987 114 1034 ut
127 978 197 1036 nibil
218 997 301 1036 suum
325 979 490 1053 cujusquam
510 977 565 1033 siti
586 975 700 1047 quodsi
714 977 753 1032 ita
766 985 820 1041 est,
834 995 871 1034 ne

66 1093 68 1098 ,
82 1056 388 1128 vendendumquidem
401 1053 554 1128 quidquam
568 1065 621 1120 est,
635 1053 687 1110 sed
697 1052 870 1112 donandum.

84 1211 173 1270 CAP.
192 1212 274 1271 XIII.
319 1209 485 1270 Secundum
505 1207 685 1286 exemplum:
707 1208 870 1268 venditoris

317 1289 425 1348 aedium
433 1287 645 1366 pestilentium.

121 1430 215 1488 ans
230 1431 259 1488 in
273 1430 327 1488 bae
350 1439 406 1487 tota
422 1428 625 1506 disceptatione
639 1449 695 1488 non
710 1429 780 1489 illud
797 1430 871 1498 diei3
939 1437 940 1446 ’

81 1509 217 1574 Quamvis
233 1509 286 1565 boe
303 1518 383 1584 turpe
404 1508 450 1579 sit,
464 1518 567 1576 tamen,
589 1510 722 1582 quoniam
744 1510 871 1584 expedit,

81 1586 195 1642 faciam:
218 1585 268 1642 sed
289 1585 327 1642 ita
347 1585 490 1661 expedire,
511 1597 543 1644 ut
563 1597 642 1665 turpe
669 1606 726 1645 non
748 1588 799 1645 sit:
835 1606 872 1645 ex
940 1607 941 1628 ι

80 1665 164 1798 pitens
173 1675 267 1799 dmm
278 1675 365 1742 parte,
380 1683 414 1722 ea
426 1667 485 1732 re‚*
499 1667 565 1737 quia
577 1677 657 1743 turpe
669 1667 715 1732 sit,
731 1684 789 1724 nou
803 1683 870 1724 esse

93 1759 171 1800 anien
191 1761 250 1800 um.
300 1759 304 1768 ·

120 1819 231 1880 Vendat
245 1822 319 1882 aedes
333 1822 376 1879 vit
387 1822 478 1880 bonus
494 1831 607 1898 propter
620 1823 712 1895 aliqua
725 1823 794 1879 vitia
807 1841 873 1894 qua
940 1863 941 1876 i

82 1899 144 1976 ipse
159 1902 240 1969 norit,
255 1902 339 1959 ceteri
350 1901 492 1977 ignei-enm
515 1901 679 1976 pestilentes
698 1900 764 1966 siut,
780 1911 809 1957 et
823 1903 873 1958 ba-

81 1979 198 2036 beantur
212 1979 350 2038 salubres:
373 1980 523 2055 ignoretur,
542 1979 570 2036 in
585 1980 715 2036 omnibus
730 1979 873 2036 oubieuiis

81 2075 214 2132 apparere
220 2069 363 2133 serpentes
374 2077 382 2114 ι
398 2057 469 2114 male
480 2057 629 2114 materiata
639 2058 712 2123 sint;
729 2058 872 2122 minosae;

81 2135 132 2191 aed
146 2135 210 2201 hoe,
225 2147 325 2209 praeter
336 2136 491 2202 dominum,
507 2153 590 2194 nemo
604 2137 683 2192 sciat
713 2134 829 2201 Quaem,
847 2135 885 2190 si.

81 2211 142 2268 baee
155 2213 307 2269 emtoribus
321 2212 448 2270 venditor
461 2232 518 2271 non
531 2213 641 2279 dlxerit,
649 2213 788 2286 ‚aedesque
804 2233 875 2270 ven·

81 2287 182 2345 diderit
194 2289 393 2364 plurismulto,
409 2310 492 2363 quam
511 2309 543 2348 se
557 2291 735 2350 venditurum
754 2292 873 2369 putarit,

81 2384 148 2424 num
162 2363 223 2445 [id]
232 2367 355 2443 ¹iujuatei
368 2380 415 2426 aut
429 2369 674 2445 Improbe‘feeerit.

346 2557 511 2607 CHAPTER
525 2557 610 2608 XIII·

113 2668 179 2716 *Ea
188 2684 221 2716 re.
253 2669 294 2716 Oa
309 2669 361 2716 that
377 2678 478 2718 account
485 2689 496 2729 ,·
512 2672 555 2721 but
572 2674 625 2722 thet
641 2673 662 2722 it
678 2674 700 2722 is
713 2673 875 2740 disgraoafial,

78 2730 122 2777 has
133 2737 176 2778 not
186 2733 246 2780 boen
258 2733 352 2793 proved.

87 2795 94 2808 '
112 2792 166 2864 ild
177 2796 274 2855 injuste.
299 2797 330 2844 In
340 2811 386 2843 one
398 2795 451 2844 MS.
460 2797 495 2866 id,
506 2799 527 2846 is
534 2800 647 2850 omitted:
665 2801 791 2853 insevere]
800 2804 873 2867 early

79 2854 190 2911 editions,
200 2857 228 2904 id
232 2860 302 2918 juste
312 2867 356 2906 aut
366 2859 476 2922 improbe.
