1882 3216
89 205 144 260 146
371 201 420 248 nn
436 200 590 249 osricus.
610 235 615 242 ,

127 345 318 415 Quocumque
332 343 416 418 igitur
429 341 558 400 homines
573 340 683 399 homini
697 343 821 398 tribuunt
839 341 878 400 ad

88 441 153 479 eum
172 422 330 497 augendum
352 431 433 492 atque
453 419 670 486 honestandam,
690 431 737 477 aut
755 422 879 478 benevo-

86 501 177 557 lentioe
191 500 293 575 gratia*
307 499 421 564 faciunt,
434 516 498 556 eum
513 499 605 570 aliqua
618 497 652 554 de
667 516 767 555 caussa
780 517 877 570 quem-

86 579 162 654 piam
189 577 322 653 diligunt:
357 587 404 633 aut
431 577 555 640 honoris.
584 577 610 632 si
636 577 716 652 eujus
739 570 876 634 ‘virmtem

87 656 253 730 suspiciunt,
274 654 428 727 quemquel
446 655 562 730 dignum
583 655 693 712 fortuna
713 674 798 728 quam
820 674 878 712 am·

86 733 215 808 plissima
241 743 351 809 putant:
381 741 427 789 aut
446 734 492 789 eui
510 732 596 790 fidem
619 733 732 800 habent,
752 744 781 789 et
802 734 875 790 bene

85 811 168 868 rebus
183 813 242 868 suis
257 811 402 869 consulere
424 812 607 868 arbitrantur:
635 820 683 868 aut
702 811 784 887 eujus
803 829 876 887 opes

87 899 230 948 metuunt:
252 900 298 946 aut
311 900 416 956 eontra,
431 909 448 944 a
460 889 561 960 quibus
576 888 681 960 aliquid
694 898 874 964 exspectante

86 977 118 1024 ut
140 987 205 1025 oum
229 987 320 1045 reges,
345 967 529 1044 popularesve
558 967 686 1024 homines
712 966 876 1042 largitiones

88 1045 194 1118 aliquas
214 1055 388 1123 proponunt:
410 1055 457 1102 aut
476 1055 629 1120 postremo,
644 1045 734 1120 pretio
753 1063 786 1100 ae
804 1064 879 1104 mer·

87 1124 155 1182 cede
175 1125 331 1182 ducuntur:
354 1140 415 1194 quae
437 1123 630 1180 sordidissima
643 1133 686 1179 est
699 1123 747 1179 illa
759 1122 875 1194 quidem

86 1204 155 1260 ratio
174 1214 203 1260 et
221 1201 454 1275 inquinatissima,
469 1211 498 1257 et
515 1203 561 1267 iis,
576 1201 625 1272 qui
646 1220 680 1258 ea
693 1211 833 1270 tenentur,
848 1211 877 1258 et

88 1280 153 1347 illis,
168 1282 216 1351 qui
231 1281 264 1337 ad
279 1299 341 1336 eam
355 1279 505 1354 coningere
519 1288 663 1336 conantur.
886 1332 891 1344 ,

127 1357 204 1414 Male
230 1358 306 1414 enim
327 1374 358 1412 se
379 1374 423 1412 res
444 1357 537 1424 habet,
565 1375 640 1425 eum,
669 1356 745 1428 quod
772 1358 876 1416 virtute

88 1434 163 1491 effici
186 1434 277 1500 debet,
298 1433 326 1490 id
348 1443 467 1490 tentatur
493 1435 621 1510 pecunia.
661 1434 717 1492 Sed
738 1437 876 1507 quoniam

87 1531 144 1570 non
171 1523 324 1583 numquam
344 1510 398 1568 hoe
419 1513 576 1570 subsidium
596 1515 786 1572 necessarium
814 1525 874 1572 est:

86 1608 171 1662 quem
182 1589 217 1646 ad
228 1589 343 1646 modum
356 1589 393 1645 sit
401 1589 533 1648 utendum
549 1610 593 1657 eo,
608 1591 745 1660 dicemus,
757 1593 784 1650 si
794 1595 874 1669 prius

85 1669 120 1724 iis
132 1668 167 1725 de
176 1669 269 1736 rebus,
279 1686 341 1741 quaa
354 1667 447 1725 virtuti
458 1670 603 1745 propiores
618 1680 692 1736 sunt,
706 1670 874 1729 dixerimus.

84 1746 177 1818 Atque
199 1747 282 1804 etiam
303 1746 456 1823 subjiciunt
469 1767 500 1804 se
515 1749 644 1805 homines
665 1749 786 1824 imperio
808 1751 875 1807 alte·

84 1823 142 1882 rius
163 1835 192 1882 et
211 1827 339 1902 potestati
360 1825 394 1882 de
415 1825 523 1882 caussis
546 1827 681 1901 pluribus.
723 1827 875 1885 Duountur

84 1904 159 1961 enim
175 1914 221 1961 aut
234 1905 437 1971 benevolentia,
452 1914 499 1960 aut
515 1905 713 1962 beneficiorum
729 1907 875 1982 magnitu-

83 1981 159 2049 dine,
171 1994 218 2040 aut
231 1982 371 2059 dignitatis
386 1982 553 2057 praestantia‚
566 1992 613 2042 aut
621 2001 682 2058 spe,
693 1984 748 2040 sibi
763 1985 875 2042 idutile

83 2059 215 2127 futurum,
230 2074 277 2117 aut
291 2069 375 2126 metu,
391 2078 426 2117 ne
442 2059 469 2116 vi
483 2078 579 2135 parere
596 2073 740 2136 cogantur,
756 2073 806 2119 aut
820 2082 873 2140 spe

82 2137 237 2215 largitionis
258 2136 461 2214 promissisque
482 2140 574 2215 eapti:
596 2149 644 2196 aut
664 2150 821 2216 postremo,
843 2151 875 2198 ut

111 2329 127 2362 ³
143 2325 316 2376 Benevoleutie
322 2330 414 2392 gratie
446 2329 489 2378 Six
499 2329 601 2379 motives
612 2347 653 2380 are
661 2329 779 2395 assigned
786 2330 825 2380 sor
834 2331 877 2379 the
932 2383 933 2388 ,

80 2392 183 2442 services
201 2392 282 2443 which
299 2408 357 2441 men
373 2394 440 2457 yield
454 2400 479 2442 to
494 2395 554 2443 each
571 2396 647 2444 other.
680 2397 734 2444 The
752 2395 808 2445 first
825 2397 876 2445 and
932 2391 933 2403 ¹

79 2457 167 2516 fourth,
179 2457 337 2506 benevolenee
355 2459 403 2506 and
421 2459 479 2517 sear,
490 2475 531 2508 ure
549 2462 640 2510 treated
651 2461 678 2508 in
689 2461 758 2522 chap.
769 2461 813 2510 vii.
825 2461 875 2509 aud

79 2523 142 2572 viii:
159 2522 200 2571 tlre
218 2524 306 2572 second
324 2524 372 2570 and
389 2523 455 2572 third
472 2525 581 2584 motives,
592 2525 685 2590 arising
701 2525 764 2574 froin
775 2525 875 2574 honour
931 2533 932 2550 ³

79 2589 127 2636 end
138 2587 238 2650 fidelity‚
248 2603 288 2636 ure
300 2587 392 2635 treated
403 2588 429 2636 in
440 2587 480 2636 tbe
492 2591 628 2638 successive
640 2591 753 2652 ohaptors
764 2590 831 2640 from
840 2589 874 2638 ix.

78 2658 104 2699 to
114 2651 174 2700 xia:
192 2652 233 2699 the
249 2651 303 2698 fiuh
319 2652 368 2698 eud
383 2651 449 2700 sixth
460 2653 569 2711 motives,
580 2655 700 2719 liberality
712 2655 761 2704 aud
772 2671 873 2716 corrup
930 2697 931 2702 ,

77 2715 136 2772 tion,
147 2714 210 2764 from
221 2715 333 2776 chapters
343 2731 381 2763 xv.
393 2721 417 2763 to
428 2717 492 2764 xxiv.
525 2717 625 2767 Pearee.

108 2779 120 2828 †
138 2778 266 2842 Quemque.
294 2778 425 2830 Faeeiolati
433 2781 482 2830 and
491 2781 590 2832 Ernesti
598 2783 745 2847 conjecture,
753 2798 865 2848 eumque·
