1888 3222
311 293 314 300 ἱ
359 215 479 266 uem.
499 213 577 268 CAP«
587 215 622 265 11.
659 211 663 222 ’
802 217 861 273 213

71 359 445 440 parvampexspectetionem
455 355 860 425 imitandaeindustrienostre‚

72 451 208 510 magnam
222 435 371 504 honorum,
386 455 443 494 non
464 437 568 495 nullam
591 437 706 494 fortasse
726 437 860 494 nominis.
932 441 934 449 '

72 511 235 590 Suscepisti
255 533 326 572 onus
347 525 480 591 preterea
499 531 582 593 grave
596 525 624 572 et
636 511 818 582 Athenarum,
833 522 862 570 et

71 591 223 667 Cratippi:
246 593 280 649 ad
294 611 365 666 quos
389 612 453 650 cum
472 603 603 667 tanquam
624 591 659 650 ad
677 603 860 651 mercaturam

72 669 211 727 bonarum
226 672 326 730 artium
340 672 380 729 sis
395 673 546 748 profectus,
561 673 673 730 inanem
682 699 685 710 v
694 671 784 729 redire
807 683 860 728 tur·

72 747 225 822 pissimum
240 759 293 817 est,
305 749 517 808 dedecorantem
530 760 558 808 et
571 751 647 806 urbis
661 747 860 816 auctoritatem,

72 834 102 882 et
116 827 252 902 magistri.
293 828 386 893 Quare
400 839 534 900 quantum
548 828 654 885 conniti
664 828 758 884 animo
789 836 860 894 ntes,

71 913 210 974 qnantum
236 905 330 963 labore
355 906 525 966 contendere
554 905 591 984 (si
612 904 738 962 discendi
765 847 862 962 iiber*

73 991 118 1061 est
131 983 226 1058 potius
240 999 324 1054 quam
338 985 480 1060 voluptas)
495 993 601 1041 tantum
623 983 666 1040 fae
679 995 710 1040 nt
723 982 828 1040 efficias
838 981 862 1044 :i

73 1079 145 1118 neve
161 1063 330 1130 committas,
344 1073 385 1128 ut,
401 1081 465 1120 cum
479 1062 575 1118 omnia
587 1060 762 1137 suppeditata
775 1062 862 1118 sinte

71 1139 166 1206 nobis,
182 1148 239 1196 tute
260 1140 312 1197 tihi
333 1139 456 1197 defuisse
478 1139 600 1197 rideam.
639 1137 696 1196 Sed
715 1139 777 1197 haec
796 1139 862 1195 hoc·

72 1225 166 1276 tenus.
207 1217 300 1276 Multa
318 1219 395 1276 enim
416 1237 492 1294 sepe
510 1218 545 1275 ad
559 1229 585 1276 te
598 1216 761 1275 cohortandi
776 1217 863 1293 gratia

73 1295 250 1371 scripsimus.
292 1296 378 1354 Nune
392 1296 428 1354 ad
440 1290 575 1368 reliquam
588 1305 696 1372 partem
710 1295 862 1382 propositae

71 1372 224 1431 divisionis
237 1384 416 1432 revertamur.

112 1452 256 1510 Panaetius
271 1454 363 1530 igitur,
376 1454 424 1525 qni
438 1453 500 1510 sine
513 1453 701 1511 controversia
713 1451 748 1510 de
757 1451 861 1510 officiis

73 1531 286 1588 accuratissime
297 1531 457 1608 disputavit,
467 1549 607 1603 quemque
618 1549 680 1599 nus,
690 1533 862 1588 correctione

73 1608 195 1682 quadam
209 1609 341 1676 adhibita,
355 1610 534 1693 potissimum
548 1610 636 1666 sconti
651 1624 760 1678 snmus,
775 1610 863 1666 tribus

74 1687 225 1764 generibus
240 1688 401 1764 propositis,
414 1688 444 1744 in
455 1688 556 1759 quibus
567 1686 718 1745 deliberare
729 1687 862 1744 homines

76 1777 105 1825 et
118 1767 276 1824 consultare
290 1765 325 1823 de
338 1765 432 1824 officio
446 1765 576 1841 solerent,
591 1770 658 1832 uno,
672 1781 737 1821 cum
757 1765 863 1822 dubita·

73 1853 145 1911 rent,
160 1843 347 1902 honestumne
368 1843 398 1901 id
418 1853 502 1911 esset,
523 1841 558 1900 de
578 1845 650 1915 quo‡
670 1852 805 1916 ageretur,
826 1859 863 1900 au

75 1931 175 1998 turpe:
205 1919 300 1990 altero,
324 1922 439 1990 utilene,
462 1939 497 1978 an
518 1920 632 1977 inutile:
660 1919 752 2001 tertio,
773 1920 798 1975 si
822 1917 862 1987 id,

76 1998 153 2073 qnod
173 2002 299 2076 speciem
318 2001 433 2058 haberet
452 1999 574 2066 honesti,
589 2003 728 2074 pugnaret
743 2000 808 2054 oum
827 2015 863 2054 eo

75 2077 158 2150 quod*
173 2079 240 2137 utile
261 2078 409 2146 videretur,
423 2096 480 2152 quo
499 2075 584 2135 modo
599 2093 633 2134 ea
646 2073 767 2132 discerni
778 2091 862 2151 opor-

74 2165 163 2224 teret;
189 2157 224 2214 de
246 2157 354 2220 duobus
374 2157 520 2234 generibus
541 2155 651 2231 primis,
674 2154 762 2211 tribus
783 2153 861 2210 libris

108 2349 124 2379 ἓ
141 2344 260 2395 Diseeodi
272 2345 345 2395 luber.
377 2346 407 2410 Is
413 2345 501 2395 indeed
510 2345 548 2394 tlte
557 2351 618 2396 term
626 2343 692 2394 lubin
700 2343 863 2410 comproperly

74 2410 103 2459 be
122 2409 220 2475 applied
238 2417 262 2459 to
281 2411 401 2476 kemiug.
433 2412 488 2460 The
509 2411 647 2473 expression
668 2411 695 2458 in
714 2410 754 2459 the
771 2409 863 2458 textis

73 2475 197 2588 {mm
228 2475 258 2524 st
273 2474 382 2524 discendi
401 2475 474 2534 labor,
490 2476 556 2526 labor
572 2476 654 2542 potius
674 2481 718 2533 eet,
736 2472 807 2538 mom
826 2485 863 2521 eo·

101 2547 190 2656 wne
201 2610 229 2652 ut
240 2601 335 2664 efficies.
366 2602 430 2652 This
447 2604 570 2667 pleonusm
588 2602 610 2651 is
628 2605 687 2653 used
697 2619 725 2652 m
735 2615 803 2650 more
813 2612 862 2649 etn-

75 2668 185 2730 phsticad
196 2669 255 2716 then
267 2668 328 2730 effice
334 2685 343 2726 ,¹
359 2667 386 2715 de
396 2669 490 2732 euresul
500 2677 523 2718 to
534 2668 606 2730 effect.
722 2709 725 2718 .

108 2733 120 2784 i
138 2731 176 2780 De
188 2748 239 2796 quo.
271 2733 321 2782 Not
338 2733 448 2798 properly
459 2733 562 2782 cherum
569 2732 603 2780 de
658 2733 719 2789 ,but
729 2729 758 2793 (le
769 2727 862 2792 petibus.

75 2795 123 2846 De
131 2812 175 2864 prro
186 2811 244 2862 may
256 2798 285 2857 be
296 2799 440 2862 interpreted
450 2798 586 2864 respectiug
593 2747 676 2848 ruffi.
