1896 3220
6 185 8 230 l
79 181 116 236 62
364 177 410 224 DE
427 175 580 225 urricus.

8 384 9 393 χ
80 320 177 385 animi,
192 337 244 376 nec
264 319 379 376 fortunae
400 320 592 376 succumbere.
631 316 727 374 Altera
745 326 789 373 est
807 333 864 384 ree,

81 411 120 466 ut,
136 417 200 454 cum
215 398 252 453 ita
266 397 305 453 sis
326 397 441 454 affectus
462 397 566 463 animo,
581 404 710 470 utsupra
734 394 804 462 (lixi,
819 413 865 452 res

81 495 161 552 geras
176 493 290 550 magnas
311 475 372 532 illas
387 474 500 547 quidem
515 485 543 531 et
557 473 685 530 'maxime
706 474 799 540 utiles,
815 472 865 530 sed

81 565 112 611 ut
126 553 304 626 vehementer
323 553 420 610 arduae
434 553 587 629 plenasque
600 553 737 618 laborum,
752 562 781 608 et
795 552 867 626 peri·

81 633 206 689 culorum
220 643 279 688 tum
294 633 368 699 vitae,
382 643 441 689 tum
461 632 610 688 multarum
631 636 732 698 renim,
748 649 811 704 qnae
833 627 868 687 ad

83 712 168 767 vitam
182 711 330 784 pertinent.

6 829 7 846 2
120 788 230 846 Harum
245 790 335 846 renim
351 806 467 860 quamm
479 786 611 863 splendor
624 787 716 844 ornnis
726 795 754 843 et
768 788 867 863 ampli·

81 865 158 932 tudo,
184 866 255 924 addo
279 867 363 924 etiam
387 867 545 933 utilitatem,
567 866 597 922 in
623 863 777 940 posteriore
803 875 866 922 est:

82 963 181 1003 caussa
195 956 287 1002 autern
302 954 330 1002 et
349 946 418 1002 ratio
439 944 566 1001 efficiens
587 961 706 1018 magnos
720 945 797 1001 viros
812 953 866 1012 est,

82 1024 112 1082 in
126 1025 228 1100 priore.
268 1023 301 1081 ln
314 1042 349 1080 eo
364 1032 407 1080 est
420 1024 497 1080 enim
511 1021 590 1089 illud,
607 1019 682 1092 quod
696 1023 867 1079 excellentes

82 1103 191 1160 animos
206 1112 234 1160 et
247 1103 374 1160 humana·
388 1109 598 1161 contemnentes
612 1099 686 1156 facit.
726 1099 759 1156 ld
773 1110 868 1158 autem

81 1181 176 1256 ipsum
190 1181 312 1238 cernitur
335 1181 366 1237 in
390 1180 508 1244 duobus,
527 1178 552 1236 si
575 1187 605 1235 et
623 1177 716 1235 solum
736 1177 775 1246 id,
791 1176 867 1250 quod

81 1257 232 1316 honestum
253 1259 299 1323 eit,
320 1258 425 1313 bonum
447 1257 569 1333 judices,
584 1265 612 1313 et
631 1256 665 1312 ab
680 1257 757 1313 omni
779 1256 867 1313 animi

81 1336 286 1412 perturbatione
297 1334 367 1390 liber
379 1335 429 1390 sie.
450 1334 526 1392 Nam
536 1344 564 1391 et
572 1353 614 1402 ea,
622 1353 684 1405 quae
695 1334 800 1392 exirnia
809 1334 868 1410 ple·

81 1413 176 1483 risque
190 1421 219 1469 et
238 1411 369 1486 praeolara
389 1411 525 1480 videntur,
540 1431 625 1488 parva
645 1412 756 1480 ducere,
778 1431 867 1485 eaque

81 1491 188 1547 ratione
209 1489 301 1546 stabili
321 1489 456 1562 firmaque
478 1500 666 1558 contemnere,
679 1490 758 1548 sortis
780 1491 868 1548 animi

83 1568 232 1643 magnique
257 1566 415 1626 ducendum
440 1577 500 1626 est:
530 1578 559 1626 et
582 1587 624 1637 ea,
651 1587 712 1640 quae
737 1568 868 1627 videntur

83 1647 191 1714 acerba,
207 1664 268 1718 quae
284 1645 368 1702 multa
380 1659 408 1704 et
421 1648 497 1704 varia
510 1648 539 1704 in
553 1647 700 1705 hominurn
715 1648 772 1703 vita
782 1647 868 1704 fortu-

82 1743 174 1795 naque
189 1734 341 1793 versantur,
357 1726 395 1782 ita
408 1726 489 1794 ferre,
504 1735 535 1782 ut
554 1726 625 1782 nihil
639 1734 655 1782 a
669 1735 743 1782 statu
762 1737 867 1782 naturae

82 1801 220 1872 discedas,
235 1804 308 1861 nihil
322 1823 337 1860 a
352 1804 484 1880 dignitate
499 1804 643 1881 sapientis,
659 1803 765 1861 robusti
781 1805 869 1862 animi

82 1888 127 1938 est
140 1901 302 1960 magnaeque
316 1884 488 1941 constantia.

122 1961 191 2019 Non
211 1970 369 2023 estantenr
387 1973 615 2028 consentaneum,
640 1961 688 2032 qui
712 1969 790 2017 metu
811 1977 869 2019 non

82 2039 230 2115 frangatur,
245 2057 309 2095 eurn
331 2039 419 2114 frangi
441 2040 610 2114 cupiditate:
633 2058 695 2106 nee,
711 2041 759 2109 qui
781 2041 870 2097 invio·

82 2127 141 2174 tum
169 2135 200 2174 se
222 2135 237 2172 a
256 2117 349 2172 labore
377 2118 543 2190 praestiterit,
569 2118 644 2175 vinci
672 2137 688 2173 a
714 2118 868 2193 voluptate.

82 2195 296 2259 Quamobrem
313 2203 341 2250 et
360 2193 420 2250 haec
434 2194 581 2265 videnda*
601 2205 629 2252 et
648 2195 775 2273 pecuniae
797 2195 869 2273 sugi-

79 2367 128 2416 tive
139 2382 216 2426 sense,
227 2367 248 2414 ie
264 2374 307 2416 not
317 2365 427 2430 frequent
443 2369 469 2416 in
486 2367 560 2416 Latin
579 2369 684 2418 authore.
717 2366 748 2415 In
759 2368 808 2416 this
822 2369 869 2416 and

80 2431 180 2481 another
196 2433 312 2491 instance,
324 2449 344 2480 c.
355 2432 394 2480 26.
405 2432 488 2481 nullus
500 2435 548 2481 and
563 2449 645 2497 nepte,
661 2435 688 2483 in
704 2433 869 2496 conjunction,

80 2513 121 2546 are
132 2497 242 2545 however
254 2504 278 2545 to
290 2499 319 2546 he
335 2498 481 2560 interpreted
497 2499 642 2563 negatively.
674 2498 746 2563 They
758 2513 800 2546 cre
818 2499 870 2548 aleo

81 2563 138 2610 thus
149 2563 276 2626 employed
287 2563 319 2626 by
330 2562 421 2626 Virgil;

113 2625 209 2674 “Nulla
220 2643 298 2701 neque
314 2626 542 2701 emnem—Liberit
557 2628 716 2690 quedrupee.”
734 2626 788 2674 Ecl.
799 2644 822 2676 v.
830 2627 869 2676 25.

82 2691 129 2737 md
141 2691 472 2816 bllllhllhehtelhhlghltjiuoa
483 2755 572 2803 orietur
589 2756 641 2804 rixo
652 2755 792 2804 fenertres.''

114 2817 128 2848 *
151 2817 268 2866 thecdu.
285 2819 307 2868 F
307 2835 334 2868 or
345 2819 469 2868 cavendo:
494 2835 529 2877 os,
541 2818 734 2870 videndum-ne
754 2820 817 2882 cheir
835 2820 872 2869 he-
