1882 3216
80 174 136 234 82⁸
356 176 403 224 DE
421 175 574 224 omens.

81 319 153 394 piter
163 317 319 385 irridentur,
335 327 363 376 et
373 320 403 376 in
414 318 546 376 maximis
558 324 703 375 versantur
714 317 871 375 erroribus.

83 398 140 455 Sed
153 398 213 454 haec
227 397 341 469 quidem
356 397 499 455 hactenus.

120 475 193 532 Illud
207 478 315 532 autem*
330 475 372 532 sic
386 487 430 532 est
445 473 638 551 judicandum,
653 475 790 531 maximas
806 475 871 550 geri
930 507 931 526 i

82 573 127 610 res
137 565 164 610 et
175 555 293 611 maximi
302 556 386 611 animi
397 557 430 612 ab
440 555 486 620 iis,
497 555 544 626 qui
559 572 603 610 res
617 553 744 628 publicas
759 563 868 628 regant,
930 533 931 604 i

81 630 156 702 quod
170 650 264 689 earum
278 632 479 690 administratio
492 633 629 689 letissime
649 643 742 707 pateat
756 629 790 687 ad
804 631 868 708 plu·
930 631 931 640 ’

80 709 223 781 rimosque
237 713 384 786 pertineat.
425 710 500 768 Esse
512 711 605 768 autem
619 711 712 785 magni
727 709 825 775 animi,
838 717 868 766 et

80 785 168 844 fuisse
179 789 280 847 multos
295 790 379 846 etiam
394 789 423 847 in
438 789 494 847 vita
508 789 608 854 otiosa,
624 789 673 860 qui
688 797 736 844 aut
749 787 867 843 investi·

80 873 186 940 gerent,
208 877 254 924 aut
279 878 445 925 conarentur
465 885 568 942 magna
586 866 723 938 quaedam,
746 882 868 936 seseque

31 943 32 955 ¹
81 961 193 1002 suarum
210 965 300 1003 rerum
315 945 417 1003 finibus
438 945 632 1002 continerent:
655 954 702 1000 aut
715 942 868 1018 interjectil

44 1077 46 1088 ,
80 1020 152 1080 inter
176 1024 363 1099 philosophos
383 1031 412 1079 et
431 1041 491 1088 eos,
507 1021 556 1093 qui
577 1040 637 1076 rem
658 1022 799 1094 publicam
822 1019 866 1077 ad·

80 1100 278 1169 ministrarent,
299 1101 503 1158 delectarentur
522 1117 552 1156 re
574 1115 625 1154 sua
644 1097 785 1164 familiari,
808 1116 866 1156 nou
931 1163 932 1170 ἵ

79 1195 141 1236 eam
163 1180 276 1252 quidem
306 1181 384 1236 omni
404 1180 511 1236 ratione
532 1185 744 1252 exaggerantes,
772 1194 865 1247 neque

80 1257 260 1314 excludentes
276 1257 309 1313 eb
330 1258 391 1332 ejus
405 1274 458 1313 usu
480 1274 566 1313 suos:
589 1255 741 1330 potiusque
754 1264 784 1310 et
798 1255 865 1312 arni·

78 1335 120 1390 cis
135 1335 354 1409 impartientes,‡
378 1344 406 1390 et
423 1334 462 1390 rei
477 1333 607 1409 publice,
622 1333 648 1389 si
669 1332 781 1406 quando
795 1350 864 1390 usus

77 1421 163 1468 esset.
205 1410 275 1476 Quae
291 1415 412 1484 primum
435 1413 505 1468 bene
527 1411 664 1487 pertersit,
680 1412 757 1469 nullo
772 1429 864 1484 neque

44 1533 46 1541 r
80 1489 152 1563 turpi
168 1491 302 1561 quaestu,§
317 1507 409 1561 neque
424 1489 541 1547 odioso:
559 1501 617 1548 tum
628 1509 711 1562 quam
724 1490 865 1566 plurimis,

79 1566 164 1624 modo
176 1566 278 1642 dignis,
294 1585 324 1624 se
340 1568 434 1625 utilem
450 1571 588 1644 praebeat:
611 1569 711 1626 deinde
733 1581 865 1644 augeatur

77 1644 193 1712 ratione,
208 1643 360 1722 diligentia,
375 1647 563 1723 parsimonia:
586 1647 758 1705 neclibrdrm
769 1649 863 1722 potius

78 1720 261 1795 luxuriaeque,
277 1744 362 1797 quam
384 1726 537 1784 liberalitati
552 1737 579 1783 et
600 1727 793 1783 beneficentias
817 1744 864 1800 pa·
932 1763 933 1786 t

77 1808 142 1857 teat.
184 1801 256 1860 Haee
269 1805 431 1881 prescripta
450 1815 606 1862 servantem
622 1805 687 1860 licet
701 1803 863 1879 magnifiee,

77 1880 197 1956 graviter
211 1883 393 1959 animoseque
407 1885 511 1952 vivere,
528 1895 610 1954 atque
625 1883 712 1940 etiam
726 1881 864 1957 simplici·

78 1968 130 2028 ter,
145 1959 272 2029 fideliter,
288 1963 351 2020 vitae
366 1962 513 2020 hominum
528 1961 627 2018 amice.

103 2117 122 2152 ³
135 2113 202 2162 Illud
210 2122 297 2163 autem.
313 2114 368 2163 'I'lre
379 2115 514 2164 remeiuder
526 2115 556 2164 of
568 2116 616 2164 this
623 2117 731 2178 chapter,
740 2115 864 2166 Facciola-

76 2177 229 2226 ticousiders
240 2195 267 2227 as
283 2185 325 2228 out
337 2178 366 2227 of
378 2178 409 2226 its
426 2181 493 2240 place
503 2195 513 2236 3
525 2181 573 2228 eud
590 2181 642 2229 that
653 2181 673 2230 it
683 2180 769 2229 should
785 2181 816 2229 be
826 2195 864 2230 rc·

76 2243 175 2291 moved:
193 2244 295 2304 perhaps
305 2249 330 2292 to
342 2244 410 2306 chap.
421 2245 469 2292 xxi.
481 2244 510 2292 of
517 2245 566 2293 this
578 2245 652 2294 Book.

107 2307 120 2359 †
137 2305 266 2370 Intery'ecti.
283 2307 392 2372 Holding
407 2325 422 2356 a
436 2309 526 2358 middle
546 2310 613 2372 place
631 2311 740 2358 between
759 2309 865 2371 philoso-

75 2371 146 2434 phers
157 2373 205 2420 end
214 2372 357 2433 politiciens.

107 2434 118 2487 i
130 2433 303 2498 boponieutes.
320 2437 382 2485 This
393 2437 555 2502 orthography
564 2439 594 2487 of
599 2440 639 2488 the
646 2440 712 2497 verb,
723 2453 778 2487 now
789 2454 865 2504 gene-

75 2500 136 2563 rally
148 2500 244 2549 written
255 2502 371 2565 impertio,
383 2502 404 2550 is
416 2504 540 2564 preserved
552 2503 578 2552 in
589 2520 664 2568 many
676 2503 754 2561 MSS,
766 2505 815 2552 aud
827 2519 864 2552 re-

78 2581 133 2614 curs
145 2565 182 2613 ch.
193 2565 232 2613 42.
241 2567 288 2614 and
299 2566 340 2614 lib.
351 2567 376 2614 ii.
389 2568 425 2615 15.
458 2569 483 2616 A
493 2567 586 2617 similar
593 2569 763 2627 abbreviation,
774 2567 795 2616 it
803 2583 864 2633 may

75 2630 104 2676 be
113 2631 249 2742 qbserbibis
244 2647 295 2678 was
306 2632 431 2694 employed
442 2638 468 2680 to
478 2648 575 2695 express
583 2649 638 2699 por,
648 2649 701 2698 per,
712 2635 761 2682 sud
769 2649 824 2699 por,
834 2633 863 2690 iu

76 2701 174 2742 ancient
250 2728 256 2742 .
305 2724 307 2730 ·
813 2701 818 2712 ¹

109 2756 122 2816 ἑ
140 2757 246 2816 Questu.
279 2757 324 2807 See
331 2757 347 2807 i.
354 2757 394 2806 att.
405 2765 461 2808 note
472 2757 494 2808 2.
