1896 3220
87 140 122 193 18
370 135 419 182 DE
436 133 588 182 oaalcns.

85 279 141 338 hoc
154 295 266 354 genere,
280 286 309 334 et
322 277 437 334 naturali
452 287 480 334 et
493 278 622 344 honesto,
635 275 691 334 duo
705 275 873 335 vitiavitan·
938 263 939 278 ¹

84 357 120 414 da
134 367 216 412 sunt:
237 374 335 422 unum,
357 375 392 412 ne
407 357 549 431 incognita
568 375 619 432 pro
633 355 752 430 cognitis
767 355 873 412 habea·

85 454 159 500 mus,
181 435 281 505 hisque
306 446 410 491 temere
437 435 640 491 assentiamus:
670 432 744 505 quod
769 434 872 490 vitium

85 511 209 588 effugere
232 515 279 584 qui
299 514 383 580 volet,
406 511 516 590 (omnes
537 525 629 570 autem
656 512 727 568 velle
754 507 871 589 debent)

87 591 227 648 adhibebit
242 591 276 647 ad
296 590 512 649 considerandas
532 608 577 647 res
598 600 626 648 et
641 600 752 666 tempus
764 599 795 646 et
808 589 871 648 dili·

86 670 219 746 gentiam.

125 749 251 812 Alterum
266 758 310 803 eet
329 747 438 813 vitium,
458 745 667 819 quodquidam
689 746 773 803 nirnis
795 765 871 823 mag-

86 845 154 884 num
169 826 291 882 studium
306 826 476 905 multamque
491 844 604 900 operam
619 827 649 882 in
668 844 713 882 res
735 825 870 882 obscuras

87 917 169 994 atquc
183 892 314 960 difficiles
326 903 480 970 conserunt,
496 903 664 974 easdemque
676 922 732 960 ιιοιι
741 921 872 960 necessa·

86 985 151 1040 rias.
192 983 302 1048 Quibus
318 984 392 1041 vitiis
407 982 562 1068 declinatis,
584 983 685 1054 quod'
678 1001 707 1038 ιιι
721 982 804 1038 rebus
819 982 872 1040 ho-

86 1062 173 1119 nestis
189 1074 216 1118 et
230 1062 389 1138 cognitione
399 1059 517 1138 dignis
501 1079 593 1136 operae
603 1079 730 1132 curaque
740 1070 872 1134 ponetur,

87 1141 136 1197 id'
126 1159 189 1216 Jure
204 1141 376 1197 laudabitur:
392 1153 423 1196 ut
431 1159 460 1196 ιιι
470 1139 633 1213 astrologia*
647 1137 683 1194 C
699 1138 874 1228 Sulpiciumi

87 1220 261 1285 audimus,
255 1237 285 1275 111
312 1219 465 1294 geometria
499 1217 567 1272 Sex.
596 1217 823 1292 Pompeium
815 1217 874 1292 apsi
938 1239 939 1246 ¹

88 1297 283 1371 eognovimus
297 1295 420 1351 multos
414 1314 443 1350 ιιι
464 1294 626 1362 dialecticis,
644 1296 766 1385 plures'
759 1313 789 1351 ιιι
808 1295 874 1370 jure

88 1374 174 1430 civili.
201 1373 271 1436 Quae
281 1391 379 1446 omnes
390 1385 461 1428 artes
476 1374 506 1428 in
517 1373 575 1428 veri
585 1375 796 1449 investigatione
812 1391 876 1430 ver·

89 1462 194 1514 santur,
210 1451 290 1524 cujus
304 1391 406 1507 studio
416 1470 433 1506 a
452 1452 534 1507 rebus
549 1452 679 1526 gerundis
695 1451 793 1541 abduci
808 1469 875 1508 con-

87 1540 130 1586 tra
144 1528 326 1585 officium-t
283 1537 334 1584 est.
376 1529 494 1585 Virtutis
510 1530 585 1586 enirn
600 1530 660 1586 laus
678 1531 769 1587 omnis
784 1531 815 1586 in
829 1548 874 1586 ac·

89 1609 164 1664 tione
179 1607 308 1664 consistit
318 1609 351 1680 :§
366 1627 382 1663 a
395 1626 451 1679 qua
460 1616 554 1664 tamen
565 1608 776 1666 fit1nterrn1ssro
785 1627 873 1684 saepe,

89 1782 158 1842 have,
171 1783 209 1828 for
221 1781 340 1840 instance,
351 1785 412 1829 been
425 1783 449 1828 in
462 1782 642 1842 possessiones
656 1799 672 1830 a
684 1783 822 1830 settlement
839 1797 874 1830 οιι

74 1848 130 1892 *the
142 1856 210 1893 coast
219 1847 248 1892 os
257 1847 316 1893 New
328 1847 435 1893 Holland
449 1850 486 1892 sor
497 1863 512 1892 a
524 1848 609 1906 period
622 1849 650 1892 ol
660 1849 717 1894 tirne
730 1847 802 1906 equal
814 1857 840 1894 to
858 1861 874 1894 a

89 1912 232 1970 generalior
245 1913 274 1956 ol
288 1927 358 1958 man:
375 1912 468 1957 several
480 1911 584 1956 milliens
596 1913 625 1956 ol
633 1925 720 1970 money
732 1911 792 1958 have
809 1913 874 1958 been

87 1977 215 2033 expended
226 1975 249 2020 in
262 1975 400 2034 colonizing
413 1977 462 2020 aad
474 1975 638 2034 maintaining
654 1976 705 2020 that
718 1977 857 2022 settlement
865 1988 873 2033 ς

89 2040 132 2084 but
150 2047 174 2084 to
192 2039 238 2083 this
250 2039 299 2098 day
316 2039 357 2083 the
373 2046 477 2098 country
487 2038 511 2082 in
528 2038 587 2084 the
582 2039 684 2084 interior
694 2039 713 2084 is
729 2039 816 2097 utterly
830 2052 875 2086 un·

89 2103 179 2146 known
189 2114 213 2146 ιο
223 2115 259 2146 us
293 2101 375 2147 Such
370 2115 502 2160 ignorance
511 2116 565 2162 may
577 2101 665 2148 indeed
673 2104 701 2148 be
710 2104 804 2149 termed
813 2101 874 2149 both

89 2163 179 2210 ιιιαὶιιιη
192 2169 212 2210 et
224 2159 299 2224 turpe.

119 2227 134 2258 ⁴*
147 2227 372 2288 Astrologin-Now
389 2229 483 2274 termed
497 2228 657 2288 Astronomy:
676 2229 716 2276 the
728 2229 873 2292 knowledge
938 2263 939 2270 ι

89 2291 119 2335 os
132 2290 276 2336 tlrenrotion
295 2293 341 2338 and
362 2291 518 2336 relationsos
532 2294 571 2337 the
577 2293 811 2352 heavealyhodles.
836 2295 872 2354 Bp
938 2305 939 2340 ι

91 2353 194 2411 Seneca,
207 2353 252 2412 Ep.
263 2358 302 2403 95.
319 2355 365 2402 this
376 2356 471 2401 science
483 2369 588 2414 appears
600 2356 775 2418 distinguished
788 2359 819 2418 hy
832 2359 874 2406 the

90 2418 191 2462 modern
200 2430 279 2464 name
938 2455 939 2464 ι

122 2479 172 2531 †C.
191 2481 330 2543 Sulpicium.
364 2482 421 2528 lna
437 2496 488 2528 war
500 2483 597 2544 agarnst
609 2483 692 2530 Perses
695 2485 811 2546 longos
818 2485 874 2534 Ma
938 2501 939 2546 g

89 2545 240 2602 sedonia,C.
251 2533 375 2604 Sulpicius
381 2547 465 2591 Gallus
475 2549 572 2592 warned
586 2547 622 2593 his
634 2551 833 2608 countryaienos
841 2563 874 2598 aa
938 2553 939 2596 l

90 2609 180 2664 eclipse
190 2609 267 2652 which
277 2625 326 2653 was
336 2617 360 2653 to
374 2611 430 2655 take
440 2608 510 2666 place
521 2625 552 2655 on
562 2613 603 2656 the
614 2612 663 2670 day
675 2614 703 2657 ot
711 2613 794 2658 battle.
938 2643 939 2646 =

122 2673 208 2778 lBSext.
225 2671 513 2778 Ppmpeium—Uncleof
527 2674 567 2720 the
584 2683 655 2733 great
673 2675 788 2736 Pompey.
821 2677 874 2724 Cic
938 2679 939 2734 i

90 2731 115 2776 in
149 2742 228 2780 rut..c
257 2736 279 2782 7.

123 2792 178 2857 §In
188 2796 280 2845 artearte
295 2796 404 2846 maniatit.
438 2799 517 2846 ‘The
536 2804 594 2847 mort
613 2799 714 2849 sublime
728 2802 877 2864 speculationi
938 2785 939 2794 ἵ
