1888 3222
84 207 139 266 174
369 205 417 252 uu
435 203 590 254 orneris.

81 356 134 413 est,
149 346 217 420 quin
237 344 285 404 illa
304 345 470 421 benignitas,
485 332 546 417 oum
568 351 727 402 constater
740 363 829 422 opera
841 356 869 404 et

82 423 226 491 industria,
238 433 267 482 et
279 423 423 482 honestior
433 425 480 491 sit,
492 434 520 480 et
529 424 612 482 latius
623 432 725 500 pateat,
737 433 766 480 et
777 425 868 500 possit

28 499 30 502 ’
81 501 214 580 prodesse
228 502 364 578 pluribus.

121 578 188 637 Nou
203 598 356 651 numquam
369 590 461 636 tamen
476 591 520 635 est
532 578 715 655 largiendum,
734 597 791 638 noo
812 580 867 640 hoo

82 657 260 732 benignitatis
280 675 368 734 genus
394 657 510 714 omnino
534 656 736 730 repudiandum
756 668 820 716 est:
842 669 870 715 et
933 690 934 698 κ

82 753 157 811 sepe
169 735 279 794 idoneis
292 735 455 792 hominibus
469 734 504 792 de
518 752 547 791 re
563 735 692 794 familiari
705 735 870 811 impartien·
933 748 934 810 j

81 811 159 878 dum,
170 813 221 872 sod
235 814 382 890 diligenter
395 823 477 884 atque
492 811 642 870 moderate.
683 813 769 870 Multi
790 815 868 875 enim
933 831 934 858 i

81 892 249 967 patrimonia
261 891 428 958 effuderunt,
442 891 599 949 inconsulte
612 889 766 966 largiendo.
792 891 870 960 Quid
933 907 934 956 ι

81 980 174 1028 autem
195 980 240 1028 est
265 970 386 1038 stultius,
411 987 496 1041 quam
522 969 599 1040 quod
624 969 743 1026 libenter
770 969 870 1037 facias,

81 1065 188 1114 curare,
203 1059 234 1106 ut
246 1047 275 1106 id
294 1048 398 1105 diutius
416 1047 513 1104 ¹laoero
537 1065 595 1105 non
619 1047 732 1123 possist
773 1047 870 1122 Atque

22 1161 25 1168 =
81 1127 166 1186 etiam
179 1135 333 1200 sequuntur
345 1126 521 1202 largitionem
541 1125 656 1201 rapinae.
697 1124 774 1184 Cum
789 1128 869 1184 enim

82 1203 173 1264 dando
187 1223 269 1281 egere
281 1213 433 1280 ooeporunt,
448 1203 546 1260 alienis
560 1203 642 1262 bonis
654 1221 754 1261 manus
766 1203 868 1262 afferre

81 1292 227 1357 coguntur.
268 1282 319 1349 Ita,
348 1299 413 1338 oum
438 1281 638 1339 benevolentia
670 1281 868 1357 comparandae

80 1375 180 1416 caussa
194 1359 311 1416 benefici
325 1375 389 1415 esse
402 1359 498 1426 velint,
518 1378 577 1417 non
598 1367 672 1416 tanta
685 1359 778 1416 studia
791 1379 869 1417 asse·

80 1447 202 1506 quuntur
228 1451 335 1502 eorum,
369 1437 470 1506 quibus
498 1435 642 1505 dederuut,
671 1446 775 1509 quanta
801 1438 869 1496 odia

81 1529 177 1570 eorum
192 1512 294 1583 quibus
308 1511 480 1570 ademerunt.

122 1592 215 1656 Quam
235 1590 272 1647 ob
290 1608 351 1648 rem
371 1608 425 1647 neo
443 1591 483 1647 ita
502 1591 654 1653 claudenda
671 1602 715 1650 est
727 1612 772 1651 res
787 1593 869 1652 fami·

78 1667 165 1735 liaris,
181 1676 212 1725 ut
224 1687 287 1726 eam
300 1669 455 1744 benignitas
476 1671 582 1746 aporire
603 1688 660 1728 non
681 1671 791 1746 possit3
814 1691 867 1730 nee

79 1745 119 1805 ita
131 1745 321 1804 reserandam
334 1749 590 1822 pateatomnibus3
619 1747 720 1807 modus
735 1750 868 1809 adhibea-
934 1793 935 1816 2

79 1833 133 1894 tur,
148 1825 229 1898 isque
243 1826 374 1884 reseratur
388 1824 422 1882 ad
434 1825 586 1884 facultates.
628 1825 755 1886 Omnino
766 1830 867 1888 memi·
934 1872 935 1880 t

79 1904 157 1963 nisse
190 1904 325 1963 debemus
352 1903 391 1971 id,
419 1902 497 1976 quod
522 1923 539 1961 a
564 1905 667 1962 nostris
700 1904 866 1966 hominibus
934 1955 935 1958 ,

79 1983 424 2059 saepissimeusurpatum,
441 1983 501 2057 jam
516 1983 545 2039 in
559 1982 702 2057 proverbii
714 1996 867 2043 eonsuetu-

78 2059 174 2119 diuem
198 2062 284 2127 venit,
311 2060 485 2136 largitionem
512 2058 628 2118 fundum
655 2061 866 2120 rosumere*
934 2101 935 2106 κ

78 2135 194 2194 Etenim
209 2138 272 2209 quis
289 2147 383 2212 potest
401 2137 502 2194 modus
516 2156 589 2205 esse,
604 2156 669 2195 oum
683 2149 712 2195 et
725 2138 802 2198 idem
817 2141 865 2214 qui

78 2223 257 2291 consumat,
272 2224 301 2271 et
313 2214 388 2272 idern
403 2215 473 2272 illud
486 2215 533 2273 alii
547 2213 707 2273 desiderent
714 2216 741 2278 ll

109 2386 125 2417 θ
137 2382 253 2432 standum
264 2400 312 2432 non
319 2385 411 2434 labne.
433 2387 576 2452 “Adagr'um
584 2387 672 2437 adolio
682 2395 781 2451 pertuso
790 2396 867 2439 trans·

77 2447 161 2507 latum,
170 2450 234 2510 quod
244 2449 326 2498 infusa
337 2467 399 2512 equa
410 2467 535 2513 nunquam
546 2459 629 2502 tumen
639 2452 758 2515 repletur;
775 2453 811 2503 itu
821 2471 866 2502 nec
934 2479 935 2482 ¹

78 2513 180 2575 populus
191 2513 382 2578 largitionibus.”
398 2516 493 2563 Emsm.
709 2549 711 2553 v

108 2577 404 2628 lCumet-desiderent.
436 2579 483 2627 For
494 2581 535 2629 the
545 2582 597 2630 first
606 2581 679 2641 idem,
689 2581 764 2630 iidem
773 2583 822 2631 and
833 2583 866 2642 li,
934 2631 935 2636 ,

71 2641 318 2690 ¹arefoundinsome
330 2642 401 2690 MSS.
433 2643 487 2690 Tho
498 2652 595 2706 present
605 2647 707 2722 reading
715 2648 866 2709 muybeex-
934 2685 935 2692 ι

73 2703 238 2816 Belu'ilndideffim
246 2705 343 2755 §demat
352 2705 390 2752 illi
401 2708 442 2770 qui
453 2718 626 2759 consueverunt
640 2712 773 2772 [accipere]
785 2718 808 2759 et
819 2711 864 2759 ulii
