1888 3222
80 205 143 270 172'
343 203 391 257 DE
409 207 561 256 omens.

76 351 152 425 quod
177 351 297 408 scribere
325 348 491 429 (praesertim
517 365 582 404 oum
611 345 646 404 de
677 345 865 423 philosophia

77 427 239 507 scriberem)
270 446 328 486 non
363 428 503 494 auderem,
539 425 594 482 nisi
628 424 704 482 idem
739 426 867 500 placeret

77 509 243 585 gravissimo
265 507 423 564 Stoicorum
443 504 576 562 Panaetio.
617 503 746 560 Maxime
769 513 865 560 autem
911 549 914 554 .

77 597 106 644 et
124 586 212 661 gloria
231 585 334 662 paritur
355 593 383 641 et
403 583 489 659 gratia
514 581 741 639 defensionibus:
771 599 865 654 eoque

77 663 176 738 major,
199 665 224 720 si
246 661 356 735 quando
377 661 487 728 accidit,
508 668 540 716 ut
560 659 588 716 ei
609 659 801 727 subveniatur,
817 659 867 732 qui

79 741 199 816 potentis
224 742 341 816 alicujus
365 740 465 815 opibus
490 737 684 794 circumveniri
711 737 866 813 urgerique

77 818 216 876 videatur:
238 828 270 876 ut
289 837 342 876 nos
364 828 392 874 et
413 815 586 892 serpenbus,
609 823 638 872 et
658 813 867 887 adolescentes,

78 905 174 954 canna
194 897 229 954 L.
252 897 338 954 Sullae
358 895 526 953 dominantis
549 911 618 968 opes
639 911 690 968 pro
705 893 737 948 S.
754 892 864 950 Roscio

78 975 229 1034 Amerino*
243 975 378 1032 lecimus:
401 991 473 1045 quae,
487 980 519 1028 ut
531 971 598 1039 scis,
615 979 706 1028 exstat
720 971 822 1028 oratio.

80 1147 169 1207 OAP.
182 1148 249 1206 XV.
270 1145 485 1226 Beneficiente'ae
496 1143 571 1202 ratio
583 1141 699 1221 duplae,
711 1149 766 1201 aut
776 1160 865 1220 opera

119 1233 173 1286 out
180 1226 330 1302 pecunic3
353 1241 416 1301 que
427 1229 541 1282 coartat
552 1240 588 1281 ec
600 1225 695 1300 opera,
705 1220 866 1290 honestior,
932 1279 933 1300 χ

122 1311 152 1362 et
164 1302 254 1361 latiur
262 1308 355 1380 patet.

119 1446 181 1504 Sar>
191 1444 327 1520 expositis
336 1443 555 1502 adolescentium
563 1443 744 1515 officiisque
753 1443 865 1502 valeant

80 1521 115 1581 ad
128 1522 245 1600 gloriam
257 1520 475 1596 adipiscendam,
487 1522 621 1599 deinceps
634 1521 668 1581 de
679 1522 867 1580 beneficentia

81 1619 114 1658 ac
133 1600 168 1657 de
187 1599 350 1657 liberalitate
371 1599 519 1657 dicendum
540 1610 592 1659 est.
633 1599 724 1676 Cujus
738 1610 783 1658 est
796 1601 866 1658 ratio

81 1677 194 1754 duplex.
236 1678 312 1736 Nam
326 1687 373 1735 aut
386 1697 478 1754 opera
488 1679 608 1755 benigue
621 1679 654 1735 lit
665 1678 866 1754 indigentibus,

81 1765 129 1814 aut
141 1757 270 1833 pecunia.
311 1757 432 1814 Facilior
445 1765 488 1814 cst
501 1758 562 1814 haec
572 1756 721 1832 posterior,
732 1757 867 1832 locupleti

59 1867 61 1874 v
80 1836 255 1912 prasertim:
277 1836 328 1894 sed
340 1836 389 1893 illa
400 1836 510 1902 lautior,
524 1853 556 1892 ac
570 1834 751 1910 splendidior,
763 1843 792 1890 et
805 1836 868 1892 viro

81 1913 145 1974 forti
159 1916 289 1988 claroque
303 1915 421 1990 dignior.
462 1913 639 1986 Quamquam
659 1913 736 1970 enim
749 1913 779 1969 in
791 1921 867 1970 utro·
932 1923 933 1944 ³

82 2010 137 2064 que
163 1995 238 2052 inest
263 1991 435 2070 gratifimndi
460 1992 581 2049 liberalis
609 1991 747 2061 voluntas,
772 1997 867 2048 tamen

82 2071 167 2128 altera
200 2089 237 2129 ex
271 2090 344 2138 arca,
372 2071 457 2127 altera
488 2087 525 2126 ex
551 2069 653 2144 virtute
678 2067 866 2143 depromitur:

82 2223 128 2272 his·
139 2223 197 2286 duty
209 2230 234 2272 to
249 2223 332 2272 decide
343 2239 375 2271 on
385 2223 466 2272 which
484 2223 535 2271 sida
550 2223 638 2286 justice
653 2222 711 2272 lios:
728 2222 778 2280 but,
789 2222 816 2270 in
827 2222 869 2270 the

82 2303 154 2335 maan
164 2287 230 2345 time,
239 2304 271 2336 no
281 2289 360 2336 blame
370 2304 417 2337 can
426 2289 503 2353 justly
511 2289 540 2335 be
552 2287 659 2350 imputed
669 2295 694 2335 to
705 2287 746 2335 the
755 2288 869 2336 advocate

82 2351 138 2400 who
154 2351 221 2415 gives
237 2359 261 2400 to
277 2353 353 2400 either
369 2359 439 2416 party
449 2353 490 2401 'the
506 2367 634 2416 necessary
646 2351 686 2399 aid
701 2357 726 2398 to
742 2351 815 2415 bring
830 2353 869 2400 his

83 2416 131 2464 suit
142 2421 167 2463 to
178 2433 192 2463 a
203 2415 248 2464 fair
260 2417 379 2464 decision:
397 2417 502 2465 auditis
511 2416 675 2481 confounding
683 2415 722 2463 his
731 2417 868 2466 offioe'with

82 2481 135 2533 that
146 2479 175 2528 of
185 2481 225 2528 the
239 2481 321 2544 judge,
332 2487 358 2529 to
375 2481 421 2528 call
435 2497 466 2528 on
476 2482 517 2528 the
529 2482 642 2530 advocate
653 2487 678 2529 to
689 2480 773 2530 decide
785 2497 817 2530 cn
827 2483 867 2530 the

83 2545 174 2603 merita,
185 2545 266 2593 whilst
276 2546 317 2593 the
327 2545 377 2594 suit
387 2546 409 2592 is
419 2552 461 2609 yet
472 2545 498 2592 in
509 2561 627 2609 progress

115 2611 130 2642 ⁴⁸
148 2609 233 2657 Roscio
250 2609 371 2657 Amerino.
403 2609 505 2657 Ameria
522 2609 543 2657 is
561 2627 576 2658 a
591 2617 657 2658 town
673 2608 703 2656 os
719 2609 830 2668 Umbria,
845 2609 875 2658 of

83 2674 166 2721 which
176 2673 279 2726 Roscius
286 2689 336 2722 was
348 2674 462 2736 probably
471 2691 486 2721 a
496 2674 583 2722 native.
615 2675 709 2731 Cicero,
720 2673 747 2720 in
758 2673 800 2720 the
810 2673 869 2723 27th

84 2751 142 2796 year
153 2736 183 2784 of
188 2737 227 2786 his
238 2755 291 2802 age,
301 2736 417 2784 defended
427 2737 531 2786 Roscius
542 2738 639 2802 against
650 2755 682 2786 an
692 2738 830 2804 accusation
839 2739 868 2788 of

84 2800 202 2858 parricide
213 2801 317 2865 brought
326 2801 421 2865 against
437 2801 489 2849 him
504 2803 521 2848 b
548 2819 564 2850 a
578 2803 713 2864 dependent
723 2803 753 2850 of
765 2802 869 2866 Sylla-

85 2860 140 2910 'I'hc
151 2865 243 2913 oration
253 2865 346 2930 though
357 2872 399 2914 not
409 2865 436 2913 in
446 2881 463 2914 a
473 2817 563 2926 pallet
573 2872 643 2925 state,
654 2866 703 2916 still
714 2867 796 2916 exista.
932 2935 933 2974 1

929 2979 933 3004 Ι
