1882 3216
324 130 585 180 arurcrnxxx.
805 119 841 188 ‘91

71 291 172 349 campus
192 275 315 341 aaran*
337 283 366 332 et
387 274 479 332 studia
500 273 631 344 venandi,
654 273 773 332 honesta
794 292 842 330 ex·

70 353 152 429 empla
163 351 285 411 ludendi.

71 543 148 602 ΟΑΡ.
175 545 270 604 XXX.
317 543 388 616 Quo
419 546 460 606 cit
490 545 619 612 hominis
644 545 842 624 prestantia.-

103 641 160 702 quae
174 623 385 716 eaiudefluaat
398 626 506 704 plicia:
535 627 569 686 ia
590 625 700 686 antino
713 643 843 703 magnae

103 719 157 760 erre
175 711 340 762 vurtetates.

102 860 157 917 Sao
170 861 290 936 pertinet
303 862 338 920 ad
351 881 465 920 omnem
480 861 567 924 officii
577 862 762 936 quaestionem
773 879 847 918 sem·

68 957 112 1014 per
128 941 156 996 in
179 939 291 1015 promtu
311 942 423 1007 habere,
445 949 580 1012 quantum
600 950 697 998 natura
721 939 845 996 hominis

68 1018 210 1093 pecudibus
224 1017 396 1092 reliquisque
410 1019 501 1077 beluis
513 1019 665 1075 antecedat.
706 1018 764 1076 lllae
775 1017 849 1074 nihil

65 1097 188 1165 sentiunt,
200 1098 255 1154 nisi
267 1099 449 1176 voluptatem,
462 1097 497 1154 ad
508 1116 625 1168 eamque
636 1096 760 1154 serunter
770 1095 848 1152 omui
906 1109 912 1122 ·

68 1175 179 1251 impetu:
201 1176 325 1233 hominis
362 1186 455 1234 autem
485 1177 581 1240 meus†
604 1174 739 1232 discendo
767 1173 849 1230 alitur

67 1262 91 1308 et
103 1255 257 1330 cogitando,
272 1274 385 1331 semper
404 1254 509 1327 aliquid
523 1265 570 1312 aut
583 1255 704 1327 anquirit
721 1263 768 1311 aut
781 1252 848 1328 agit,

66 1331 225 1406 videndique
239 1343 268 1390 et
281 1333 413 1392 audiendi
426 1335 608 1391 delectatione
624 1333 743 1392 ducitur.
771 1331 849 1397 Quin

66 1411 142 1467 etiam
155 1413 180 1469 si
194 1413 258 1486 quis
272 1423 315 1469 est
339 1414 432 1488 paullo
447 1413 481 1470 ad
498 1414 654 1488 voluptates
671 1411 849 1488 propensior,

65 1489 142 1547 modo
157 1509 192 1547 ne
207 1491 244 1548 sit
262 1510 299 1550 ex
313 1492 576 1568 pecudum=genere
598 1491 676 1568 (sunt
694 1491 771 1548 enim
790 1488 851 1562 qui·

65 1565 122 1625 daur
135 1569 266 1627 homines
281 1590 339 1628 non
351 1589 392 1639 re,
408 1571 458 1628 sed
476 1567 603 1648 nomine)
618 1570 669 1627 sed
683 1571 708 1626 si
722 1569 785 1642 quis
807 1576 852 1624 est

39 1667 41 1674 ’
64 1647 151 1720 paullo
166 1649 294 1717 erectior,
310 1650 438 1722 quamvis
451 1649 594 1724 voluptate
609 1649 742 1724 capiatur,
758 1645 851 1704 occul-

64 1732 98 1780 tat
109 1735 136 1782 et
148 1726 307 1786 dissimulat
326 1727 481 1806 appetitum
499 1726 660 1806 uoluptatis,
675 1734 789 1803 propter
803 1743 849 1781 ve·

64 1805 229 1863 recundiam.

62 1962 127 2021 quasi
143 1962 250 2012 civitatis
266 1964 343 2013 oculis
353 1968 469 2021 remotus,
480 1967 569 2010 cuncta
579 1959 653 2010 simul
664 1958 724 2007 vitia
734 1957 798 2007 male
809 1957 852 2006 diu

63 2025 212 2077 dissimulata
229 2031 328 2078 tandem
345 2028 475 2092 profudit.”
507 2026 606 2074 Sueten.
621 2025 704 2074 Tiber.
720 2023 759 2072 42.
791 2023 852 2072 Pro-

58 2089 160 2150 ftmderc
171 2095 261 2153 munio,
272 2111 330 2159 may
341 2109 414 2142 mean
426 2099 450 2142 to
462 2091 517 2157 give
532 2108 565 2155 up
575 2092 617 2140 the
628 2091 693 2140 ruins
704 2095 729 2138 to
740 2090 781 2138 the
792 2090 852 2139 ima-

63 2155 181 2218 ginatiom
204 2160 288 2224 acting
304 2161 353 2208 and
367 2159 489 2222 speaking
505 2158 609 2207 without
624 2156 751 2221 adverting
769 2156 796 2204 in
812 2156 853 2204 the

63 2219 120 2278 least
135 2230 161 2272 to
178 2225 220 2274 the
233 2240 418 2288 consequences.
451 2223 568 2281 “Omniq
581 2223 692 2290 intelligo
709 2221 794 2282 risum,
805 2222 853 2271 cla-
894 2235 897 2246 ·

64 2299 160 2347 morem,
171 2297 268 2339 motum
280 2290 409 2353 eorporis,”
421 2289 470 2337 &a
502 2288 608 2336 Ernesti.

91 2354 105 2384 ’l
123 2354 234 2420 Campus
246 2363 332 2405 nowen
365 2355 420 2404 The
433 2354 541 2418 Campus
552 2353 659 2402 dicitius
665 2370 675 2411 ,·
691 2353 718 2401 in
728 2351 810 2402 which
822 2351 855 2400 all

62 2420 180 2468 exercises
198 2423 299 2486 tending
318 2429 343 2470 to
362 2420 505 2484 strongthen
522 2419 570 2470 end
589 2419 643 2494 give
664 2419 750 2484 egility
768 2424 793 2467 to
811 2417 854 2465 the

62 2478 151 2536 humen
163 2486 250 2546 frame,
260 2503 325 2537 were
337 2486 474 2549 constarrtly
485 2485 512 2534 in
522 2492 635 2548 practice.

330 2616 495 2667 enarrata
508 2581 587 2665 ¹unx,

91 2747 196 2799 traam.
228 2749 296 2800 Here
318 2747 418 2797 Ernesti
435 2752 545 2812 suspects
560 2746 613 2794 that
630 2735 720 2806 quiuis
731 2735 852 2800 wanting:

62 2823 134 2872 mm,
146 2815 206 2879 quia
217 2813 331 2864 discendo
341 2813 425 2863 alitur.
