1882 3216
72 189 128 250 teu
361 187 409 237 uu
428 186 580 238 urricus.

71 587 103 625 sc
117 569 146 626 in
159 567 319 642 cognitione
340 577 368 623 et
389 567 508 624 scientia
529 567 687 624 collocaret
729 566 798 624 Nou
822 579 868 626 est

71 646 118 704 ita.
160 645 236 703 Nam
250 656 279 703 et
292 644 472 703 solitudinem
487 645 603 721 sugeret,
617 656 645 702 et
656 645 766 702 socium
777 647 868 705 studii

71 735 226 797 quaererett
247 732 305 780 turn
331 723 442 790 docere,
466 733 525 782 tum
549 723 657 781 discere
682 725 777 792 vellet,
805 736 867 784 tum

71 801 176 872 audire,
203 813 262 860 tum
285 801 388 861 dicere.
427 801 506 878 Ergo
526 819 611 859 omne
631 801 768 869 officium,
785 805 869 876 quod

71 880 106 939 ad
121 881 348 958 conjunctionem
361 881 508 938 hominum
520 889 547 937 et
561 879 596 938 ad
608 881 774 939 societatem
786 893 869 942 tuen·

70 959 136 1018 darn
146 961 228 1028 valet,
241 959 468 1036 anteponendum
481 969 525 1017 est
539 959 581 1018 illi
592 959 698 1028 officio,
711 961 789 1036 quod
799 980 869 1041 cog·

70 1039 179 1099 uitione
193 1050 222 1098 et
234 1039 354 1098 scientia
366 1040 534 1097 continetur.

74 1193 165 1255 GAP.
179 1195 272 1256 XLV.
297 1192 526 1254 communitatis
540 1191 633 1272 officn
643 1193 794 1255 modestia
807 1197 868 1276 offi-

109 1274 254 1430 gignit?
280 1275 342 1332 eoae
366 1272 587 1353 anteponenda:
614 1290 675 1335 esee
702 1274 868 1353 wiciorum

109 1491 201 1551 Itane
219 1492 336 1550 forsitan
360 1492 541 1565 querendum
556 1496 601 1566 sit,
616 1513 684 1554 num
698 1495 760 1555 lraec
787 1519 867 1560 com-

71 1571 204 1637 munitas,
226 1589 288 1643 quae
303 1574 426 1628 maxime
447 1584 491 1631 est
511 1586 575 1651 apta
595 1586 709 1642 natura),
725 1578 865 1638 sitellam

70 330 295 406 quaeadvictum
313 329 476 403 cultumque
492 314 641 406 pertinent,
664 327 745 403 qnasi
756 329 868 406 virgula

71 411 175 478 divina,
203 420 235 467 ut
261 410 348 477 aiunt,
377 408 639 485 suppeditarentur;
669 420 729 467 tum
754 411 867 485 optimo
930 411 931 462 l

71 491 191 563 quisque
206 487 329 563 ingenio,
344 490 465 564 negotiis
486 487 617 545 omnibus
632 488 758 552 omissis,
773 498 867 549 totum

70 1649 257 1710 moderationi
286 1649 488 1722 modestiaeque
517 1669 631 1728 semper
657 1657 866 1731 anteponenda.
931 1669 932 1720 i

72 1727 141 1788 Non
155 1728 255 1804 placet.
296 1727 369 1786 Sunt
379 1729 456 1786 enim
468 1729 595 1801 quaedam
610 1733 710 1808 partim
725 1734 763 1791 ita
777 1735 864 1806 soeda,

71 1808 173 1886 partim
195 1809 233 1866 ita
256 1806 404 1885 flagitiosa,
419 1818 450 1866 ut
464 1827 506 1875 ea,
521 1827 558 1866 ns
580 1812 778 1870 conservande
801 1817 867 1886 qui·

72 1885 137 1946 dem
152 1889 246 1965 patriae
260 1905 369 1956 caussa,
389 1888 503 1964 sapiens
522 1887 644 1946 facturus
659 1890 704 1948 sit.
746 1891 792 1950 Ea
807 1893 867 1952 Po-

71 1966 217 2026 sidonius*
231 1967 345 2044 collegit
359 1967 505 2043 permulta,
519 1966 620 2024 sedita
634 1979 710 2026 taetra
720 1970 864 2042 quaednm,

71 2045 109 2104 ita
118 2048 249 2113 obscena,
265 2057 295 2102 ut
307 2045 381 2104 dictu
393 2063 505 2118 quoqne
515 2045 659 2104 videantur
670 2050 760 2124 turpia
789 2049 866 2111 Haec

71 2123 157 2200 igitur
165 2142 220 2181 noo
233 2125 369 2200 suscipiet
379 2125 418 2181 rei
430 2126 548 2200 publicae
559 2144 675 2193 caussa3
697 2145 732 2184 ne
744 2146 789 2185 res
802 2129 867 2203 qui'·

73 2200 138 2259 dem
160 2201 272 2276 publica
286 2221 336 2278 pro
351 2220 382 2258 se
397 2204 504 2280 suscipi
518 2204 602 2262 volet.
644 2204 702 2262 Sed
715 2205 770 2264 hoc
785 2226 867 2267 com-

71 2279 183 2338 modius
208 2297 240 2338 se
262 2298 307 2338 res
331 2280 424 2348 habet,
447 2282 523 2356 quod
542 2301 601 2342 nou
620 2294 715 2361 potest
734 2286 866 2346 accidere

256 2527 258 2532 Ι
332 2453 492 2508 CHAPTER
508 2453 581 2505 XLV.

104 2583 119 2616 θ
130 2578 287 2630 Potidaniae.
319 2582 344 2630 A
355 2582 454 2644 disciple
466 2583 496 2632 of
506 2581 637 2644 Panaetius,
648 2585 696 2634 and
707 2584 768 2634 stoic
785 2585 866 2648 philo-

72 2646 166 2706 sopher.
198 2645 238 2692 He
257 2645 305 2693 hed
324 2647 384 2694 been
402 2663 492 2712 among
507 2647 548 2695 the
564 2649 706 2699 instructore
723 2651 753 2699 of
762 2651 865 2702 Cicero:

71 2707 296 2757 “Beatissimorum
316 2710 443 2758 hominnm
459 2711 636 2761 familiaritates
658 2715 746 2777 quibus
766 2731 866 2778 semper

72 2771 159 2820 domus
169 2779 251 2820 nostre
261 2771 350 2830 floruit,
361 2781 386 2822 et
394 2774 514 2836 principes
526 2775 568 2833 illi,
580 2776 706 2839 Diodotus,
717 2779 795 2840 Philo,
810 2781 865 2833 Au-

71 2832 174 2892 tioehua,
185 2835 351 2885 Posidonius.”
384 2837 422 2886 De
432 2837 489 2887 Nat.
501 2838 610 2889 D.1ib.i
621 2856 642 2892 e.
651 2840 674 2890 3.
