1888 3222
329 215 395 266 nm.
406 211 449 265 ΙΙΙ.
467 214 545 268 ΟΑΡ.
557 215 602 268 v1.
801 219 860 276 22⁸

68 357 171 419 eadem
185 358 223 418 sit
235 357 340 418 utilitas
353 360 437 418 nnius
446 359 583 436 oujosqne
591 367 619 418 et
627 356 822 420 universorum
833 363 862 419 a*

68 457 156 512 qnam
171 439 197 496 si
217 437 252 496 ad
274 457 306 497 se
328 438 448 511 quisquo
465 439 569 516 rapiet,
583 438 753 498 dissolvetur
765 439 860 498 omnis

68 517 196 576 humana
221 518 374 576 consortio.
414 517 507 590 Atque
528 517 613 576 etiarn
632 517 658 576 si
685 517 740 576 hoo
763 527 863 576 natura

68 596 237 673 pmsoribiu
260 605 292 654 ut
311 595 399 654 homo
419 595 539 662 homini,
564 597 734 670 quicumque
756 597 803 664 sit,
823 596 861 655 ob

69 693 135 733 snm
157 675 248 752 ipsam
263 691 391 734 caussam
405 675 520 748 quodie
535 675 622 734 homo
636 676 683 743 sit,
697 675 859 734 consultum

69 753 151 821 velit,
172 771 289 812 neeesse
317 762 361 811 est
386 752 542 812 seotrndum
567 753 696 812 eamdem
722 765 860 821 naturamt

68 833 200 890 omniurn
213 832 359 891 utilitatem
373 849 438 891 esse
451 850 642 891 communem.
683 831 768 898 Quod
782 833 807 890 si
822 833 861 890 its

68 920 125 977 est,
140 929 197 968 una
210 911 387 968 oonunsmur
400 929 500 970 ornnes
511 921 540 969 et
553 911 652 968 eadem
663 909 726 986 tage
738 920 859 969 namra:

68 987 157 1062 idque
170 989 266 1066 ipsum
281 990 306 1046 si
320 990 359 1046 lta
379 999 432 1057 est,
448 999 523 1046 oerte
543 988 648 1048 violare
669 989 798 1054 alterum,
813 1007 861 1046 na·

71 1076 142 1126 tusas
163 1067 226 1146 lege
250 1067 441 1144 prohibemur.
481 1067 589 1125 Verum
609 1076 703 1125 autent
729 1066 863 1143 primum,

68 1161 169 1205 verum
184 1146 269 1222 igitur
281 1156 450 1206 extremum.

111 1224 189 1282 Nam
203 1221 272 1282 illud
286 1223 401 1297 quidem
422 1221 572 1283 absurdum
587 1233 641 1291 est,
657 1221 732 1297 quod
747 1220 863 1295 quidam

68 1302 178 1369 dieunt,
206 1303 314 1380 parenti
342 1319 384 1370 se,
405 1313 454 1362 aut
479 1302 556 1361 fratri
580 1301 653 1361 nihil
679 1300 862 1370 detracturos,

68 1379 274 1443 commodiani
288 1399 409 1449 saussa3
430 1381 514 1441 aliam
526 1381 663 1440 rationem
678 1397 743 1439 esse
756 1379 864 1438 oivinnr

69 1460 256 1534 reliquorum.
298 1459 340 1518 Hi
354 1460 409 1520 sibi
429 1461 502 1520 nihil
518 1461 603 1538 juris,
618 1459 724 1518 nullam
744 1459 863 1518 sooietar

69 1549 139 1606 tem,
154 1535 315 1598 eommunis
331 1539 458 1598 utilitatis
472 1557 573 1598 oaussa
582 1548 707 1598 statuunt
719 1555 784 1598 esse
797 1554 863 1596 oum

69 1619 201 1676 nivibus:
222 1635 286 1690 que
302 1615 443 1678 sententia
461 1635 576 1679 omnem
590 1618 754 1676 societatem
766 1616 865 1676 distra-
890 1677 893 1683 f

69 1696 113 1755 hit
124 1696 256 1754 oiviutis.
297 1696 355 1762 Qui
369 1707 461 1756 autem
483 1696 591 1754 oinium
610 1697 749 1755 udonem
764 1695 863 1754 dinoot

68 1773 237 1842 habendam,
252 1784 443 1844 externorum,
458 1784 571 1851 negant,
587 1774 618 1832 hi
633 1774 770 1832 dirimunt
786 1790 864 1831 oont-

67 1871 185 1912 munem
199 1852 315 1911 humani
330 1855 442 1932 generis
464 1853 650 1920 societatem
672 1869 729 1924 qua
742 1850 862 1919 sublata,

67 1931 275 2000 beneficientie,
295 1931 456 2001 liberalitas,
470 1929 591 1997 bonitas.
607 1930 723 2007 justitia
736 1927 862 1988 funditus

68 2009 184 2071 tollitur.
225 2010 297 2077 Quae
321 2011 371 2084 qui
392 2011 503 2078 tollunt,
529 2009 613 2068 etiam
635 2008 770 2067 adversus
792 2005 862 2066 deos

66 2088 240 2149 immortales
265 2089 348 2167 impii
369 2088 516 2166 judicandi
541 2096 616 2148 sunt.
657 2088 702 2147 Ab
724 2088 760 2146 iis
783 2085 863 2146 enim

66 2168 247 2227 constitutam
268 2167 341 2226 inter
364 2168 496 2228 hominos
523 2167 687 2226 societatem
710 2173 861 2226 evormnt:

351 2321 518 2374 GHAPTER
533 2321 578 2373 vt.

97 2426 113 2458 θ
131 2422 437 2476 Eodem-otnioerwtom.
469 2425 509 2490 By
528 2424 570 2474 the
587 2423 665 2474 active
681 2424 823 2474 endeavour
839 2421 870 2471 of

65 2489 128 2538 eenh
138 2488 273 2538 individual
289 2495 315 2538 to
325 2489 434 2552 improve
451 2490 490 2540 his
509 2505 565 2538 own
575 2488 617 2548 lot,
632 2489 673 2538 the
692 2489 828 2552 prosperity
839 2487 869 2535 ol'

66 2555 108 2604 the
127 2555 282 2618 oommnnity
293 2553 315 2603 is
333 2556 387 2604 best
401 2555 525 2605 advanoed
537 2571 543 2603 ι
560 2554 628 2606 'l'hut
644 2555 686 2605 the
704 2556 768 2619 good
780 2553 809 2602 of
823 2551 865 2599 the

65 2619 149 2682 public
160 2618 247 2669 should
258 2621 288 2668 be
298 2619 325 2668 iu
335 2621 377 2668 the
387 2619 451 2670 view
460 2620 490 2670 of
496 2619 556 2669 each
568 2619 702 2670 individual
713 2636 740 2667 ss
752 2615 863 2680 strongly

64 2685 115 2734 and
126 2700 154 2734 as
165 2683 233 2734 osten
244 2701 271 2734 ns
282 2685 321 2734 his
333 2701 389 2734 own
405 2685 537 2748 porticulus
549 2685 645 2743 benefit,
657 2684 678 2732 is
689 2681 784 2732 neither
796 2687 821 2730 to
832 2682 863 2729 be

63 2748 190 2812 expaoud,
200 2765 246 2799 nor
256 2749 279 2798 is
290 2749 311 2798 it
320 2765 459 2814 nemum.
492 2749 523 2798 ln
540 2749 661 2812 pursuing
675 2747 716 2796 the
733 2747 804 2796 latter
821 2747 862 2794 ob-

61 2815 123 2880 ject,
132 2813 165 2862 he
176 2813 263 2864 should
274 2815 353 2880 guard
368 2814 467 2879 against
477 2813 509 2862 its
521 2813 634 2876 olsshing
645 2812 706 2861 with
721 2811 763 2859 tlte
779 2809 862 2874 publio

63 2879 146 2944 good3
163 2877 190 2927 iu
205 2894 260 2928 oasa
276 2879 337 2945 they
353 2879 474 2937 intersere,
485 2878 516 2928 he
532 2877 618 2927 should
636 2875 731 2926 in-tnat
749 2875 859 2925 instouoe

63 2944 122 3012 give
132 2959 166 3008 up
177 2942 216 2994 his
227 2943 329 3010 putauit
