1882 3216
74 159 132 214 ηε
355 151 403 204 ΒΕ
421 152 572 205 orslclls.

90 293 259 372 reponenda
270 312 334 354 esse
346 293 440 355 officia
450 296 574 373 justitie,
588 313 651 369 que
672 300 812 376 pertinent
825 305 865 365 ad

69 313 218 432 {ominum
231 375 383 444 caritatem,
397 393 453 449 qua
465 375 538 435 nihil
558 375 669 436 homini
692 397 757 440 esre
776 381 866 444 debet

73 453 242 524 antiquius*

75 607 163 668 GAP.
185 608 292 668 XLIV.
330 606 471 748 Stugium
482 609 523 670 ed
535 611 700 674 sonetum
715 616 864 697 conseren-

408 705 460 748 um
477 707 548 748 esse.

112 845 217 910 Arous
231 844 282 914 illi,
297 863 417 918 quorum
430 845 523 904 studia
541 847 653 920 vitaque
666 852 760 910 omnis
775 855 806 913 in
820 877 864 916 re-

73 942 137 983 rum
158 925 317 1002 cognitione
339 934 449 984 versata
471 936 524 994 est,
547 935 641 985 tamen
664 931 699 987 ab
724 936 864 1010 augendis

73 1001 221 1062 homiuum
231 1003 394 1062 utilitatibus
404 1015 432 1062 et
441 1005 598 1062 commodis
608 1025 664 1064 non
674 1025 862 1074 recesserunt.

75 1081 152 1140 Nam
165 1093 194 1140 et
206 1083 387 1141 erudiverunt
410 1083 523 1150 multos,
549 1101 605 1155 quo
626 1087 757 1147 meliores
783 1094 862 1152 cives

73 1161 254 1232 utilioresque
268 1163 350 1219 rebus
365 1161 424 1219 suis
438 1161 557 1238 publicis
571 1174 686 1222 essent:
707 1177 739 1224 ut
748 1169 863 1230 Theba·

72 1256 143 1298 num
163 1238 390 1313 Epaminondam
404 1239 505 1316 Lysis†
518 1240 724 1318 Pythagoreus,
740 1247 863 1324 Syracu-

74 1317 149 1374 sium
173 1311 313 1390 Dionemss
335 1317 426 1384 Plato,
450 1317 587 1389 multique
611 1323 730 1380 multus:
751 1345 863 1401 nosque
906 1354 912 1370 ⁴

75 1393 141 1468 ipsi,
156 1393 291 1464 quidquid
305 1394 412 1451 adrem
426 1396 567 1471 publicam
584 1401 736 1471 attulimus,
752 1403 791 1481 (si
804 1426 864 1467 mo-

75 1469 112 1532 do
126 1471 229 1541 aliquid
250 1471 404 1548 attulimus)
419 1492 436 1528 a
449 1471 608 1534 doctoribus
631 1489 712 1551 atque
737 1481 864 1546 doctrina

75 1548 217 1620 instructi§
233 1547 269 1606 ed
282 1567 354 1618 earn,
370 1559 398 1608 et
408 1552 497 1608 ornati
511 1557 692 1615 accessimus.

115 1628 217 1698 Neque
229 1627 321 1686 solum
332 1629 389 1687 vivi
398 1639 480 1702 atque
492 1643 643 1708 presentes
655 1637 800 1700 studiosos
809 1642 864 1702 dis·

75 1705 158 1764 cendi
171 1706 301 1766 erudiunt
320 1719 403 1782 atque
423 1709 534 1780 docent,
556 1713 606 1770 sed
620 1713 675 1772 hoc
688 1716 765 1778 idem
779 1723 863 1782 etiam
929 1709 930 1742 ³

107 1864 123 1898 ³
135 1861 275 1928 Antiquior.
307 1865 362 1916 The
373 1865 477 1932 original
488 1867 604 1934 meaning
615 1869 644 1920 of
655 1873 778 1936 antiquius,
788 1895 863 1930 oron.

75 1930 146 1990 imur,
159 1931 196 1991 (us
207 1945 303 1994 coquus,
311 1947 380 1980 cocus
387 1949 396 1989 ,·
412 1933 517 1996 sequius,
527 1935 607 1982 ceciue
614 1952 624 1993 ,·
640 1937 752 1999 quotidie,
761 1945 863 2005 cotidie,-

75 2009 148 2070 quum
166 1996 214 2045 end
233 2000 298 2057 cum)
317 2003 384 2046 must
402 1998 462 2045 have
480 1998 540 2046 been
557 1999 598 2047 the
618 2017 684 2050 same
704 2019 731 2052 as
750 2013 864 2070 απιτέον,

72 2073 148 2123 puer.
181 2059 250 2108 Nihil
269 2061 394 2123 antimius
410 2069 452 2119 eet,
472 2063 590 2112 therefore
609 2065 699 2131 simply
709 2075 864 2134 meonetius
929 2099 930 2104 ,

76 2124 178 2189 nothing
188 2123 274 2172 should
284 2124 310 2172 be
317 2125 406 2189 placed
416 2125 493 2190 lesere
504 2129 588 2178 it-rto
599 2129 658 2216 duty
665 2134 795 2198 preferred
805 2148 828 2189 to
838 2142 864 2190 it
929 2213 930 2216 Ἴ

337 2269 497 2321 CHAPTER
513 2274 599 2323 XLIV.

108 2375 214 2444 llcyeie.
245 2383 271 2432 A
287 2383 367 2432 native
384 2383 414 2432 of
430 2385 572 2438 Tarentum.
604 2389 659 2439 The
678 2393 767 2458 golden
786 2415 865 2452 verses
929 2385 930 2410 ¹

76 2459 118 2494 are
129 2446 238 2559 ξοτὶἱκᾱ
257 2453 282 2496 to
298 2447 359 2508 him,
375 2449 458 2499 which
474 2468 530 2515 pass
546 2456 622 2504 under
640 2457 682 2508 the
696 2475 770 2512 neme
787 2465 819 2514 of
828 2467 866 2516 his

77 2527 130 2560 mas
155 2525 174 2558 r.

110 2575 243 2628 iDiorrem.
275 2577 469 2630 Brother-in-lew
483 2582 514 2630 of
524 2583 565 2632 the
582 2585 648 2636 elder
667 2586 818 2654 Dionysiust
834 2597 864 2646 he

77 2641 233 2700 expelledthe
244 2657 354 2705 younger
365 2643 428 2692 from
440 2645 567 2708 Syracuse.
598 2650 670 2700 Corn.
681 2653 713 2702 N.
725 2655 751 2704 in
763 2657 828 2708 Vita.
929 2649 930 2704 J

109 2703 252 2760 §Doctrina
270 2705 391 2755 instructi.
422 2708 508 2758 Cicero
525 2713 594 2760 take·
614 2715 724 2778 frequent
741 2725 863 2774 occasions
929 2717 930 2734 ¹

77 2770 103 2812 to
122 2782 220 2828 express
237 2769 395 2833 gratitudeto
410 2771 448 2819 his
466 2774 614 2825 instructore.
648 2781 748 2832 Omne.
761 2785 794 2834 iii.
828 2789 863 2837 Dc
929 2837 930 2840 ,

78 2827 135 2875 Not.
147 2829 177 2878 D.
188 2833 204 2879 l.
215 2833 231 2880 i.
242 2848 263 2880 c.
274 2831 297 2880 3.
329 2833 378 2883 Pro
389 2835 463 2885 Arch.
475 2853 496 2884 c.
506 2839 537 2884 vi.
