1882 3216
262 147 320 200 LIB
337 151 357 200 1.
389 151 463 202 CAP.
479 151 622 202 XXXVIII.
789 161 843 216 113

45 314 144 354 omues
159 293 262 354 iisdem
283 295 318 354 de
339 297 433 364 rebus,
456 315 508 356 nee
529 299 609 357 omni
631 307 768 374 tempore,
789 319 843 358 nee

46 375 177 432 slmiliter
190 373 373 454 delectamur)
389 376 665 434 animadvertendum
688 391 732 435 est
745 379 841 448 etiam,

46 473 100 526 qua
114 463 198 512 tenus
211 473 304 512 sermo
319 454 532 512 delectationem
545 457 661 514 habeat:
677 467 715 525 et,
730 468 760 516 ut
773 459 842 518 inei·

45 532 142 609 piendi
156 534 228 590 ratio
243 532 334 601 suerit,
350 535 389 592 ita
402 535 439 592 sit
453 535 601 596 desinendi
614 535 726 594 modus.

47 687 135 749 cnP.
159 689 330 750 XXXVIII.
362 689 513 761 Quomodo
525 691 754 770 castigandum:
766 692 839 772 'quid

173 770 207 828 in
221 770 404 828 sermonibus
418 770 632 831 observandum
646 771 696 832 sit.

82 927 145 986 San
161 927 305 1001 quomodo
326 929 355 986 in
370 929 527 986 omui'vita
540 929 697 988 rectissime
712 933 840 1008 praeoipi·

46 1017 100 1076 tur,
114 1019 147 1065 ut
161 1007 383 1084 perturbationes
398 1007 550 1084 fugiamus,
565 1008 593 1064 id
608 1019 662 1075 est,
677 1019 770 1068 motus
781 1011 840 1068 aui·

45 1087 82 1144 mi
104 1087 222 1152 nimios,
243 1087 343 1146 rationi
368 1105 426 1146 non
447 1087 691 1162 obtemperantes:
713 1089 755 1146 sie
776 1089 838 1166 ejus

45 1165 121 1224 modi
147 1166 270 1223 motibus
299 1185 392 1224 sermo
421 1165 504 1222 debet
531 1183 637 1234 vacare,
665 1185 702 1224 ne
724 1177 772 1242 aut
798 1168 840 1226 ira

44 1246 173 1311 exsistat,
199 1253 247 1302 aut
273 1243 411 1321 cupiditas
437 1244 540 1316 aliqua,
569 1257 616 1302 aut
642 1245 764 1322 pigritia,
792 1257 840 1304 aut

43 1325 166 1400 Ignavia,
195 1333 242 1380 aut
261 1325 314 1382 tale
339 1323 444 1395 aliquid
472 1333 612 1400 appareat.
652 1325 838 1397 Maximeque

43 1403 199 1461 curandum
211 1411 263 1469 est,
278 1414 384 1468 utens,
400 1403 501 1474 quibus
516 1421 579 1460 eum
595 1423 756 1465 sermonem
771 1423 837 1466 eon·

43 1481 178 1549 feremus,
193 1490 222 1538 et
241 1483 340 1550 vereri,
356 1493 384 1538 et
404 1481 519 1558 diligere
540 1482 694 1541 videamur.
736 1483 838 1560 Objur·

43 1563 171 1638 gationes
185 1560 270 1618 etiarn
284 1580 342 1619 non
356 1579 508 1632 numquam
522 1561 650 1620 incidunt
659 1564 836 1630 necessarie,

44 1642 70 1698 in
84 1642 191 1716 quibus
200 1639 334 1697 utendum
344 1648 388 1698 eat
399 1639 515 1698 fortasse
528 1651 556 1696 et
567 1643 644 1698 voeis
657 1642 835 1699 contentione

43 1721 160 1796 majore,
173 1731 202 1776 et
213 1720 360 1776 verborum
372 1720 504 1798 gravitate
517 1720 638 1784 aeriore;
654 1720 682 1777 id
697 1720 848 1794 agendum

43 1799 138 1866 etiam,
161 1807 195 1856 ut
216 1816 251 1858 ea
265 1798 355 1855 iacere
378 1798 522 1855 videamur
545 1798 635 1854 irati*
674 1797 732 1854 Sed
757 1809 788 1855 ut
801 1797 836 1856 ad

43 1970 97 2004 sons
105 1927 214 2020 present.
233 1929 279 2001 ¹lu
290 1969 358 2002 sorne
368 1955 480 2004 valuable
496 1953 569 2004 MSS.
580 1951 628 2002 and
640 1953 708 2018 early
725 1953 837 2014 editions,

42 2019 220 2070 aster-aderunt
233 2019 254 2068 ir
265 2019 341 2068 found
352 2035 398 2069 res.

279 2171 444 2222 euterun
459 2146 603 2222 xxxvru.

73 2317 185 2367 *Irativ
203 2318 234 2367 In
250 2318 300 2368 this
317 2319 392 2384 mueh
408 2318 520 2380 disputed
531 2333 642 2382 passage,
660 2317 701 2367 the
717 2319 836 2372 variation

42 2384 67 2432 in
78 2383 153 2432 MSS.
170 2384 218 2432 and
230 2384 299 2448 early
314 2385 418 2433 editions
429 2383 452 2430 is
469 2383 629 2436 remarkable.
666 2383 697 2432 Ur
712 2401 740 2433 ea
752 2386 836 2450 faeere

41 2465 88 2498 non
115 2448 244 2498 uideamur
270 2451 348 2508 ἑνικὴ
376 2448 502 2498 videamur
524 2465 572 2498 non
597 2449 674 2506 iroti3
699 2457 736 2506 nt¹
754 2467 785 2499 ne
808 2467 836 2500 ea

37 2516 119 2577 faeere
131 2514 259 2572 uideamur
270 2516 337 2563 irati.
370 2513 408 2564 Ne
419 2521 446 2562 ut
460 2531 488 2562 eu
494 2515 579 2578 faeere
585 2533 595 2573 ‚¹
606 2514 664 2573 and,
673 2521 701 2564 at
717 2531 745 2564 ea
751 2515 837 2580 faeere

41 2597 70 2628 ne
87 2579 223 2630 aidwmur.
256 2580 311 2628 The
326 2581 439 2646 negative
458 2580 591 2644 participle,
609 2580 658 2628 aud
673 2581 705 2629 its
723 2594 837 2645 arrange-

42 2653 108 2696 ment
119 2661 202 2694 seems
218 2643 288 2695 alone
299 2651 324 2694 to
335 2645 504 2696 beindoubt:
523 2647 567 2700 but
578 2646 604 2693 in
615 2657 682 2701 some
694 2645 766 2694 MSS.
784 2645 804 2693 it
815 2646 837 2694 is

42 2711 175 2778 altogether
187 2712 296 2770 omitted,
307 2713 356 2778 and
373 2711 426 2761 that
437 2711 539 2778 reading
557 2711 578 2758 is
590 2709 711 2772 preferred
729 2711 760 2772 by
772 2707 796 2756 J.
806 2708 836 2758 F.

42 2778 189 2842 Heusinger.
221 2775 277 2826 The
295 2777 375 2826 Stoica
391 2793 491 2840 express
510 2775 655 2824 themselves
673 2775 697 2820 in
715 2771 799 2820 favam
810 2774 840 2821 os

40 2845 170 2893 almulated
181 2859 272 2908 anger:
284 2849 298 2874 “
308 2842 449 2904 Numquam
458 2843 538 2904 itaque
549 2839 674 2889 iracundia
686 2837 825 2885 admittend-

404 2911 470 3000 *10*
