1890 3224
64 243 69 250 -
93 227 150 282 264
253 289 255 298 Α
377 218 424 266 ns
441 215 598 267 urricus.

51 403 54 416 »
132 365 272 431 Quocirca
289 362 396 420 astutis
416 359 546 419 tollendo
567 366 745 431 euntesque
765 358 886 427 malitia,

94 463 156 516 quo
170 441 229 499 vult
242 441 290 499 illa
303 440 416 513 quidem
431 439 531 508 videri,
548 457 579 496 se
599 455 662 496 esse
683 435 862 514 prudentiam
876 456 884 506 ς

93 522 145 580 sed
165 521 242 578 abest
262 521 295 578 ab
313 537 347 578 ea
366 518 505 591 distatque
526 519 688 595 plurimum.
729 517 888 576 Prudentia

95 611 137 658 eat
151 599 227 657 enim
245 598 334 657 locata
347 599 377 656 in
392 598 501 655 delectu
522 599 658 656 bonorum
674 605 702 652 et
720 596 884 654 malorum:

93 679 209 746 malitia,
219 679 244 735 ai
258 677 436 750 omniaque
452 677 544 753 turpia
556 685 631 741 sunt,
642 675 714 731 mala
722 686 798 740 sunt,
811 675 887 732 mala

92 759 175 814 bonis
189 758 270 833 ponit
286 767 359 814 ante.
401 755 464 814 Nec
479 773 546 812 vero
560 756 590 812 in
604 753 716 831 pradiis
731 753 826 811 solum
836 754 885 829 jus

93 837 187 903 civile,
203 835 317 893 ductum
331 855 348 893 a
361 844 467 902 natura,
482 835 617 890 malitiam
630 831 815 904 fraudemque
827 833 887 888 vin·

94 915 189 983 dicat;
210 915 260 973 sed
275 915 358 973 etiarn
372 914 401 971 in
417 913 623 988 mancipiorum
643 909 805 968 venditione
820 928 887 967 ven·
934 941 935 978 1

93 993 191 1052 diteris
213 994 287 1051 fraus
308 993 400 1051 omnis
429 990 595 1049 excluditur.
636 990 694 1055 Qui
714 989 791 1047 enim
813 989 886 1045 scire

94 1071 199 1139 debuit,
221 1073 256 1130 de
276 1073 404 1137 sanitate,
434 1070 469 1126 de
497 1068 572 1146 fuga,
597 1067 633 1125 de
653 1067 745 1135 furtis,
773 1078 887 1144 praestat

94 1152 187 1210 edicto
198 1151 330 1209 oedilium.
373 1149 536 1208 Heredum*
551 1148 606 1206 alia
618 1165 719 1204 caussa
732 1157 785 1203 est

134 1232 183 1290 Ex
197 1249 253 1303 quo
267 1229 440 1306 intelligitur,
456 1229 589 1299 quoniam
599 1226 682 1302 juris,
697 1235 806 1292 natura,
822 1224 885 1283 sons

95 1309 141 1376 sit,
154 1311 209 1366 hoa
218 1308 372 1366 secundum
383 1304 740 1374 naturamesse‚neminem
752 1302 783 1360 id
793 1322 885 1380 agere,
934 1333 935 1358 r

95 1397 126 1444 ut
139 1407 176 1444 ex
190 1386 303 1443 alterius
325 1385 463 1460 praedetur
476 1385 597 1441 inscitia.
639 1383 702 1442 Nec
716 1381 775 1439 ulla
795 1383 886 1458 perni-

45 1512 48 1520 Δ
95 1466 153 1522 cies
174 1465 237 1519 vitas
262 1464 352 1538 major
373 1462 493 1520 inveniri
513 1471 614 1538 potest,
630 1479 715 1532 quam
729 1461 759 1518 in
781 1461 887 1518 malitia

95 1542 237 1600 simulatio
251 1540 442 1616 intelligentiae
454 1539 477 1600 :l
497 1561 534 1599 ex
548 1559 604 1614 quo
624 1540 679 1596 ista
698 1539 886 1598 innumerabi-

94 1621 133 1678 lia
154 1629 314 1686 nascuntur,
329 1629 361 1675 ut
383 1620 461 1677 utilia
479 1638 544 1677 cum
566 1619 692 1677 honestis
707 1637 835 1694 pugnare
850 1619 888 1675 vi·

95 1699 220 1758 deantur.
262 1699 373 1764 Quotus
401 1699 477 1756 enim
503 1699 623 1770 quisque
648 1697 814 1772 reperietur,
840 1697 887 1770 qui

88 1779 259 1855 'impunitate
274 1788 302 1836 et
323 1778 497 1854 ignoratione
519 1777 647 1834 omnium
669 1777 827 1852 proposita,
843 1777 887 1832 ab·

96 1859 199 1917 atinere
214 1858 306 1936 possit
319 1857 444 1934 injuriat

96 2017 195 2082 against
205 2016 246 2064 the
257 2016 325 2066 other
337 2031 352 2062 a
362 2013 440 2062 direct
457 2011 538 2061 action
553 2011 590 2060 for
608 2011 739 2076 damagcs:
756 2010 784 2059 in
795 2011 888 2060 certain

96 2082 166 2140 suits,
182 2081 301 2140 however,
317 2079 347 2129 of
361 2097 376 2128 a
392 2077 499 2142 peculias
515 2082 609 2135 nature,
625 2093 652 2124 ss
669 2075 706 2125 sor
722 2076 835 2125 instance
851 2079 888 2124 be

97 2140 893 2270 ttoetdfffflht¹¹ll²¹htht“iutlhltthbtlthl

97 2275 170 2323 uum
181 2275 208 2322 tn
219 2227 273 2324 uait
284 2225 438 2339 aprunii
449 2275 488 2322 ns
498 2243 573 2332 wisa
583 2272 615 2321 ns
630 2287 681 2322 was
698 2272 797 2339 obliger
813 2278 839 2321 o
854 2286 888 2320 re.

96 2346 147 2388 sort
158 2347 183 2388 to
191 2356 223 2386 an
234 2342 296 2389 actio
307 2341 437 2398 corrtrarin,
448 2356 475 2387 or
487 2355 553 2388 eross
564 2337 614 2387 bill.

129 2407 144 2437 ⁸
161 2403 291 2455 Heredum.
323 2406 378 2454 The
389 2405 469 2464 faults,
481 2405 507 2452 iu
519 2405 596 2453 slaves
608 2402 677 2451 belon
696 2402 740 2467 ing
752 2407 778 2450 to
789 2416 888 2466 persons

97 2471 171 2534 lately
180 2469 303 2530 deceased,
314 2477 381 2520 must
391 2471 420 2518 be
431 2470 561 2532 presumed
571 2475 597 2517 to
607 2470 636 2516 be
647 2484 665 2515 u
717 2483 774 2516 own
786 2474 812 2517 to
823 2468 889 2516 those
931 2467 934 2492 ⁴

97 2536 153 2584 who
173 2538 305 2585 succeeded
322 2541 347 2584 to
362 2534 426 2583 their
442 2543 568 2600 property,
584 2535 625 2582 the
641 2533 712 2582 latter
728 2548 803 2592 were,
814 2533 889 2583 there·
933 2515 934 2608 l

97 2601 155 2658 fore,
175 2607 218 2649 not
237 2602 318 2649 bound
336 2601 368 2662 by
386 2616 401 2647 a
418 2601 548 2662 presumed
568 2605 691 2663 warranty
714 2598 815 2663 against
831 2597 890 2647 such

97 2664 211 2721 sculteto
222 2665 262 2712 the
290 2664 424 2712 urchssers.

130 2728 143 2776 l
160 2682 407 2792 Ira—intelligentiae:
429 2725 536 2792 knnvcry
552 2727 631 2777 under
650 2726 689 2776 tlte
705 2726 777 2776 annale
793 2728 824 2791 aff
831 2741 889 2792 pnt-

98 2788 178 2837 denac.
932 2783 933 2830 l
