1890 3224
84 195 142 250 8⁰4
386 193 433 240 DE
451 189 605 240 oltricus,

918 273 930 314 r

85 352 149 392 curn
174 336 254 394 hoste
278 333 433 392 devincitur
457 333 548 399 iides3
571 331 695 390 indicant
721 332 875 388 notiones*

87 413 396 483 animadversionesque
422 429 580 476 censorum.
605 411 653 482 qui
681 411 757 467 nulla
777 410 816 467 de
844 429 878 466 re

86 491 255 568 diligentius,
270 491 404 561 quamde
418 489 623 567 jurejurando,
635 489 812 565 judicabant.

128 569 160 626 L.
174 569 291 636 Manlio,
304 569 338 626 A.
350 569 384 627 F.
398 587 463 626 cum
478 568 595 624 dictator
607 567 716 632 suisset,
733 567 776 623 M.
787 567 878 624 Pom·

88 647 189 723 portius
204 647 330 704 tribunus
344 647 435 723 plebis
452 646 526 703 diem
540 645 620 712 llixit,
636 645 752 716 quodie
767 664 878 720 paucos
933 663 934 714 ᾗ

88 725 142 781 sibi
155 724 216 781 dies
231 723 263 782 ad
279 724 441 782 dictaturam
455 723 604 800 gerendam
620 723 788 793 addidisset,
812 723 879 780 Cri·
933 719 934 730 ³

87 803 243 860 minabatur
251 803 344 870 etiam,
354 803 430 874 quod
439 803 537 860 Titum
550 801 650 868 filium,
660 803 709 873 qui
721 813 824 877 postea
834 812 879 857 est

87 879 248 952 Torquatus
269 879 434 958 appellatus,
449 882 483 938 ab
504 881 666 939 hominibus
682 881 837 956 relegasset
850 889 880 936 et

87 959 144 1016 ruri
159 959 280 1028 habitare
290 961 433 1036 jussisset.
466 959 548 1024 Quod
563 977 628 1015 cum
643 957 799 1015 audivisset
813 957 877 1014 ado·
934 942 935 1020 l

89 1035 199 1094 lescens
214 1038 298 1105 filius,
314 1039 456 1114 negotium
470 1037 597 1094 exhiberi
611 1038 698 1112 patrie
721 1037 878 1093 accurrisse
934 1043 935 1132 p

89 1113 253 1173 Romam'et
271 1134 335 1174 curn
350 1118 441 1193 prima
454 1116 516 1173 luce
531 1115 683 1190 Pomponii
698 1114 818 1174 domum
833 1133 877 1171 ve·
934 1137 935 1166 1

89 1194 166 1250 uisse
177 1193 287 1252 dicitur.
318 1193 375 1251 Cui
386 1212 451 1251 cum
462 1204 539 1270 esset
551 1194 719 1258 nuntiatum,
732 1195 783 1266 qui
797 1194 875 1250 illum

91 1271 189 1329 iratum
204 1271 349 1329 allaturum
360 1271 393 1328 ad
408 1291 439 1328 se
454 1271 559 1344 aliquid
573 1281 670 1328 contra
683 1283 795 1347 patrem
808 1272 876 1329 arbi·

91 1358 214 1415 traretur‚
229 1351 350 1407 surrexit
363 1369 378 1406 e
392 1349 504 1416 lectulo,
520 1349 690 1420 remotisque
706 1351 828 1417 arbitris,
842 1348 875 1406 ad

91 1445 123 1482 se
138 1427 341 1484 adolescentem
358 1428 445 1502 jussit
459 1428 563 1485 venire.
603 1428 640 1484 At
653 1427 712 1495 ille,
727 1441 760 1486 ut
774 1429 866 1505 ingres

90 1521 139 1560 sus
153 1515 208 1570 est,
220 1503 369 1560 confestim
389 1504 513 1578 gladium
527 1505 686 1572 destrinxit,
704 1507 876 1582 juravitque,
930 1513 935 1542 ⁴

91 1599 123 1638 ee
137 1581 216 1638 illum
236 1582 328 1638 statim
349 1577 569 1650 interfecturum,
585 1583 641 1641 nisi
657 1584 706 1660 jus
723 1585 878 1662 jurandum
935 1631 936 1638 ,

93 1658 226 1726 dedisset,
241 1678 272 1717 se
287 1669 394 1735 patrem
415 1661 534 1720 missum
556 1681 619 1719 esse
641 1661 790 1721 iacturum.
831 1663 879 1720 Ju-
935 1665 936 1726 j

92 1737 162 1795 ravit
183 1737 247 1806 hoc,
270 1748 383 1796 coactus
409 1750 522 1807 terrore,
546 1740 741 1816 Pomponius:
764 1761 825 1800 rem
847 1741 880 1797 ad

93 1816 228 1892 populum
242 1815 357 1874 detulit:
379 1818 483 1885 docuit,
498 1837 548 1876 cur
561 1819 615 1876 sibi
629 1838 730 1876 caussa
744 1820 881 1878 desistere
934 1855 936 1874 t

93 1911 211 1954 neeesse
225 1906 317 1954 esset:
340 1895 480 1954 Manlium
501 1899 622 1954 missum
637 1897 712 1954 secio
754 1899 881 1955 Tantum

93 1975 265 2049 temporibus
285 1974 343 2032 illis
370 1975 588 2051 jusjurandum
614 1975 748 2037 valebat.†
789 1979 883 2049 Atque

91 2129 170 2190 utqui
182 2130 295 2178 sdversus
310 2145 351 2177 eas
360 2128 451 2188 fecerit,
462 2147 530 2179 sacer
541 2130 614 2180 alicui
626 2131 680 2179 Deo
690 2131 730 2190 sit,
742 2148 802 2180 cum
813 2131 884 2180 semi-
934 2157 936 2168 v

91 2191 125 2240 lia
136 2199 161 2241 et
172 2194 280 2254 pecunia.
313 2193 352 2242 Ita
364 2193 474 2243 Festus.”
507 2195 578 2244 Face.

125 2259 139 2290 ⁸
152 2257 270 2305 Notioneu.
303 2257 399 2308 Several
410 2260 477 2324 early
488 2261 599 2320 editions,
616 2258 772 2324 particularly
783 2261 826 2309 the
838 2261 882 2309 Ve-

92 2321 176 2368 netian
184 2321 213 2368 of
219 2321 288 2380 1498,
300 2323 359 2372 heve
369 2327 507 2373 notationes.
540 2326 588 2374 But
596 2325 637 2374 the
647 2331 743 2387 present
749 2326 854 2390 reading
863 2327 885 2373 is

93 2385 207 2448 probably
227 2394 326 2435 correct„
359 2388 413 2437 The
434 2391 553 2440 censorial
573 2407 653 2452 power
670 2401 727 2438 was'
742 2391 884 2454 suppletory

93 2456 119 2499 to
129 2451 170 2499 the
181 2449 297 2498 defective
305 2451 491 2516 jurisprudence
503 2455 533 2504 of
545 2456 638 2504 Rome:
655 2469 755 2518 persons
767 2455 825 2504 who
836 2456 884 2504 had

92 2516 195 2578 esceped
212 2515 378 2566 well-merited
396 2518 553 2580 punishment
567 2520 604 2569 sor
621 2521 727 2585 perjury,
738 2537 767 2568 as
784 2521 839 2570 well
856 2538 885 2568 as
935 2533 936 2552 ³

92 2581 161 2628 other
170 2579 266 2637 crimes,
277 2581 357 2645 might
365 2583 528 2649 occasionally
540 2588 569 2634 be
580 2586 686 2635 brended
698 2586 757 2634 with
769 2585 883 2650 disgrace

93 2644 126 2705 by
135 2643 175 2691 the
184 2658 276 2692 censor.
309 2693 311 2701 Α
929 2647 936 2674 ¹

124 2706 137 2754 l
158 2705 392 2781 Tantum-uolebat.
425 2707 465 2758 No
476 2680 575 2761 reasons
587 2730 627 2763 are
638 2714 696 2762 here
707 2715 785 2762 stated
797 2714 837 2761 wlr
867 2732 882 2763 a

92 2770 881 2894 tttdastl'tltl‘im5l“t³i'tttm’¹t³h³¹tldln³‘

90 2891 165 2938 much
176 2907 208 2939 sn
219 2909 346 2962 aggressor
355 2912 383 2945 er
393 2897 434 2948 the
445 2899 536 2962 pirate3
547 2875 596 2954 add
607 2876 648 2954 tlie
659 2907 716 2955 oatlr
728 2906 838 2970 impused
849 2860 881 2969 dri
921 2905 936 2970 't
