1882 3216
299 217 365 266 nra.
376 219 396 267 1.
417 218 495 268 car.
508 218 575 268 xm.
786 225 839 282 tat

55 357 236 436 intelligimus
251 375 288 416 ex
307 361 411 436 parvis.
450 361 499 420 Ex
521 359 666 422 oculorum
682 365 789 435 obtutu,
803 383 841 424 ex

52 437 268 514 superciliorum
282 448 329 496 aut
342 439 508 498 remissione
522 453 569 499 aut
585 445 783 512 contractione,
803 463 840 503 ex

53 516 195 584 maestitia,
218 533 256 572 ex
278 516 424 585 hilaritate,
440 537 477 576 ex
490 520 559 588 risu,
580 539 617 578 ex
636 521 787 591 locutione,
802 542 839 582 cx
874 573 877 576 .

52 593 207 662 reticentia,
233 611 270 651 ex
292 597 469 654 contentione
491 599 569 656 vocis
590 609 619 657 et
639 593 839 670 submissione,

52 689 90 728 ex
119 673 218 729 ceteris
253 673 402 742 similibus,
436 675 517 732 facile
545 677 746 753 judicabimus,
771 679 839 753 quid

52 767 150 808 eorum
164 761 228 826 epte
241 749 299 819 liat,
321 751 387 824 quid
402 753 436 810 ab
450 753 544 812 officio
564 767 717 830 naturaque
736 757 839 818 disem-

52 837 108 903 pet.
151 828 216 894 Quo
230 829 260 887 in
274 847 375 906 genere
389 849 446 889 non
461 841 505 888 est
518 832 739 905 incommodum,
754 837 837 909 quale

51 903 176 979 quidque
189 925 287 965 eorum
307 909 353 975 sit,
375 927 412 966 ex
426 908 488 966 aliis
504 909 647 985 judicare:
668 923 709 981 ut,
731 915 839 986 siquid

51 982 184 1041 dedecent
204 986 234 1043 in
252 985 318 1053 illis,
332 987 455 1045 vitemus
477 987 544 1064 ipsi.
583 989 630 1046 Fit
649 991 725 1049 enim
740 993 839 1052 rucio

51 1064 107 1134 qno
120 1062 217 1131 modo,
231 1072 263 1121 ut
275 1065 365 1140 magis
379 1065 409 1122 in
429 1065 492 1122 aliis
513 1071 690 1136 ecmannus*
703 1087 787 1142 quarn
807 1070 838 1129 in

50 1141 192 1198 nobismet
211 1141 295 1218 ipsis,
319 1143 344 1200 ei
368 1143 437 1215 quid
456 1141 636 1218 delinquitur.
677 1145 774 1220 ltaque
798 1147 838 1206 se·

51 1219 155 1277 cillime
168 1221 346 1296 corriguntur
360 1221 390 1279 in
404 1221 548 1290 discendo,
564 1241 684 1296 quorum
696 1225 764 1284 vitia
774 1226 837 1286 ini-

50 1306 149 1366 untur,
165 1298 332 1356 emendandi
346 1317 454 1368 caussa,
469 1301 607 1377 magistri.

87 1376 152 1434 Nec
166 1394 234 1434 vero
254 1377 376 1434 alienum
390 1388 442 1443 est,
458 1379 493 1436 ad
507 1398 541 1437 ea
554 1379 692 1458 eligenda,
708 1400 770 1455 que
785 1382 836 1442 dn·

51 1453 210 1512 bitationem
225 1454 354 1523 afferunt,
370 1455 501 1515 adhibere
515 1458 613 1516 doctos
628 1459 769 1531 homines,
789 1463 836 1521 vel

51 1533 132 1590 etiam
155 1551 209 1591 usu
229 1533 345 1609 peritos,
367 1543 404 1601 et,
427 1535 494 1607 qnid
506 1537 543 1594 iis
565 1536 601 1600 de
615 1556 728 1612 quoque
745 1541 833 1599 officii

51 1629 150 1686 genere
167 1611 284 1687 placeat,
307 1613 464 1684 exquirere.
504 1615 598 1691 Major
619 1618 694 1675 enim
718 1638 783 1695 pars
797 1637 833 1678 eo

50 1687 104 1747 sere
118 1689 219 1747 deterri
242 1690 323 1756 solet,
346 1708 403 1763 quo
424 1711 440 1748 a
459 1701 556 1749 natura
577 1693 642 1768 ipsa
655 1694 801 1755 deducitur
812 1697 836 1760 :t

48 1767 75 1825 in
89 1769 192 1842 quibus
214 1767 366 1826 videndum
386 1778 439 1837 est,
459 1789 518 1828 non
532 1769 617 1829 modo
630 1772 700 1843 qnid
713 1776 834 1848 quisque

316 1941 476 1990 CHAPTER
490 1942 557 1990 xnt.

78 2059 94 2092 ⁸
110 2055 179 2107 Attia
189 2073 323 2108 eunomus.
356 2057 417 2108 Hor.
427 2058 443 2107 l.
454 2057 470 2106 ‘a
482 2059 531 2108 Sat.
543 2057 565 2108 ³.
576 2075 599 2109 v.
609 2058 650 2109 23.

75 2123 89 2182 t,
106 2122 203 2171 Natura
215 2124 269 2188 ipso
287 2121 423 2172 deducitur.
452 2123 494 2172 We
511 2131 577 2174 ment
594 2131 676 2190 espect
687 2122 726 2174 tlte
734 2130 833 2189 greater

43 2194 99 2252 port
110 2185 139 2252 os
145 2203 201 2236 men
209 2195 232 2236 to
241 2186 316 2236 heled
327 2186 477 2253 bliadlyand
486 2189 660 2255 mechanicallp
669 2189 698 2255 hy
707 2188 770 2238 their
810 2206 832 2238 e-

44 2252 170 2302 domimus
177 2253 298 2318 possiam
330 2252 355 2300 It
374 2259 441 2302 must
456 2255 486 2302 be
501 2255 616 2304 observcd
627 2256 680 2304 that
690 2254 714 2304 J.
725 2252 753 2303 F.
791 2272 832 2304 eu·

56 2318 62 2328 '
113 2333 126 2366 r
142 2317 266 2367 considers
285 2317 334 2366 this
349 2317 531 2381 interpretation
552 2336 579 2368 as
596 2327 638 2370 not
660 2320 832 2372 reconcileuble
914 2350 917 2358 ι

44 2333 156 2433 ῧιίΐῐὶω
167 2382 305 2432 remainder
316 2382 346 2431 of
351 2383 393 2431 the
404 2384 546 2450 paragraph,
558 2386 602 2434 but
611 2385 715 2435 without
726 2386 832 2448 explain·

44 2446 84 2513 ing
95 2448 123 2496 in
133 2448 202 2498 what
212 2453 307 2511 respect
316 2447 375 2511 they
385 2448 459 2496 clash.
475 2449 515 2496 He
526 2449 654 2512 interprete
665 2451 707 2500 the
718 2460 832 2500 sentence

44 2517 56 2540 ‘⁴
64 2513 113 2562 alio
124 2529 170 2561 nos
181 2513 275 2561 ducunt
285 2528 315 2560 ee
330 2528 384 2574 quse
396 2515 552 2576 sequuntur,’'
569 2515 620 2563 rtar
631 2515 670 2563 the
680 2516 795 2580 ma'ority
806 2514 836 2578 os

43 2575 160 2626 mankind
168 2593 183 2624 o
229 2593 270 2625 one
277 2576 328 2624 tltot
336 2577 412 2625 redich
417 2577 512 2626 Nature
521 2579 614 2644 hunolf
617 2531 750 2644 pecudia
759 2597 769 2638 ,·
780 2577 831 2626 ond

44 2641 91 2692 tm
101 2642 155 2691 ater
180 2658 226 2701 ore,
237 2641 351 2706 although
367 2642 518 2700 individuale
535 2659 592 2708 moy
608 2661 655 2704 err,
672 2661 720 2708 any
729 2641 831 2707 general

44 2705 163 2757 mimine
182 2723 234 2757 rom
244 2707 334 2772 arigltt
342 2708 475 2771 opinionon
483 2723 532 2772 any
541 2707 600 2774 duty
606 2725 653 2757 oon
660 2707 748 2770 hardly
755 2706 781 2753 ds
790 2721 830 2752 eu-

42 2771 128 2834 posted
151 2707 215 2822 'litis
226 2779 340 2821 sentence
352 2787 453 2834 appears
464 2777 490 2820 to
500 2772 621 2836 interrupt
630 2773 672 2821 the
683 2769 748 2844 tpain
756 2769 787 2842 pf
791 2784 828 2816 ar-

44 2844 151 2899 gument,
162 2837 211 2886 and
222 2853 280 2902 may
291 2836 397 2900 possibly
409 2837 470 2884 have
478 2837 540 2885 been
550 2853 582 2887 an
593 2839 742 2892 macunen,
755 2838 829 2882 rntro-

45 2901 180 2954 dneedinto
190 2902 232 2952 the
243 2899 365 2952 textfrom
375 2901 418 2950 the
428 2900 533 2965 margin.

404 2970 437 3023 ll
