1896 3220
283 254 286 274 ὓ
336 181 433 235 amr.
448 183 527 235 can.
540 185 617 236 xvc.
832 189 870 246 55

82 331 167 382 imm.
209 323 278 382 Cari
297 335 363 384 suut
375 336 513 402 parentes,
528 328 585 384 cari
598 326 688 394 liberi,
704 329 867 406 propinqui,

81 403 252 461 familiares:
284 404 336 461 sed
360 422 459 463 ornnes
484 407 611 464 omnium
634 406 760 464 caritates
781 409 870 485 patris

80 499 141 539 una
159 482 308 559 complexa
327 493 385 540 est:
411 502 463 560 pro
485 501 540 556 qna
562 485 624 556 quis
648 485 738 542 honus
761 486 870 545 dubitet

81 570 201 618 mortem
222 571 366 638 oppetere,
380 563 405 619 si
425 563 452 620 ei
472 563 510 619 sit
528 562 706 638 profuturusl
747 565 811 631 Quo
825 576 869 622 est

82 633 272 698 detestabilior
301 640 418 696 istorum
445 641 615 706 immanitas,
638 641 687 714 qui
714 642 869 701 lacerarunt

82 718 162 774 omni
182 718 287 776 scelere
307 719 435 793 patriam,
456 729 484 776 et
503 719 534 776 in
553 737 587 776 ea
606 719 730 778 funditus
751 720 869 780 delenda

81 796 210 871 occupati
225 806 252 854 et
266 807 331 853 sunt
344 808 372 853 et
385 796 523 854 fuerunt*

121 874 180 930 Sed
201 875 226 932 si
248 875 389 932 contentio
414 874 541 946 quedam
565 885 594 934 et
617 878 788 952 comparatio
807 879 866 946 fiat,

81 953 184 1024 quibus
204 953 356 1028 plurimum
372 952 547 1011 tribuendum
562 954 599 1010 sit
612 953 709 1022 officii,
724 957 866 1033 principes

80 1032 139 1088 sint
151 1032 273 1106 patrieet
284 1042 422 1106 parentes,
434 1047 552 1102 quorum
564 1031 708 1088 beneficiis
721 1035 867 1096 maximisl

80 1109 196 1186 obligati
216 1127 329 1167 sumus:
351 1109 486 1186 proximi,
507 1109 597 1176 liberi,
618 1119 730 1181 totaque
755 1109 866 1179 domus,

79 1206 144 1260 quae
158 1197 266 1264 spectet
278 1188 308 1244 in
322 1206 374 1244 nos
386 1187 473 1254 solos,
486 1205 577 1259 neque
589 1187 664 1244 aliud
675 1187 763 1245 ullum
774 1199 867 1264 potest

79 1266 183 1324 hahere
207 1267 384 1343 perfugium:
411 1265 544 1341 deinceps
567 1267 639 1324 bene
664 1269 863 1326 convenientes

79 1346 242 1420 pmpinqui,
264 1345 431 1418 quibuscum
458 1345 617 1402 communis
645 1345 729 1403 etiem
756 1345 867 1404 senuna

80 1423 246 1499 plerumque
267 1433 320 1481 est.
361 1422 454 1489 Quam
475 1424 592 1480 obrem
619 1425 777 1482 necessaria
797 1441 866 1500 pre·

79 1501 153 1560 sidia
166 1503 229 1559 vitae
252 1501 387 1559 debentur
404 1501 440 1559 iis
460 1501 593 1568 maxime,
610 1520 681 1574 quos
702 1517 765 1560 ante
786 1502 863 1560 dixi:

78 1579 864 1656 vitaautemvictusqueoommunis,consiliaserrnones,

78 1659 297 1726 cohortationes,
318 1658 534 1725 consolationes,
552 1658 690 1717 interdum
711 1660 794 1717 etiem
815 1661 865 1717 ch-

73 1739 250 1816 jurgationes
264 1737 294 1796 in
308 1737 438 1796 amicitiis
452 1736 548 1812 vigent
559 1737 700 1792 maxime:
722 1747 820 1810 estque
832 1756 866 1795 ea

70 1815 283 1897 jucundissime
306 1815 437 1881 amicitia,
459 1831 543 1885 quam
571 1813 726 1872 similitudo
754 1834 864 1875 mcmrn

73 1894 266 1972 conjugavitss

109 2070 125 2103 ⁴¹
136 2067 203 2117 Sunt
218 2075 241 2118 et
251 2068 362 2133 futrum.
394 2065 511 2133 Alluding
529 2065 650 2131 evidently
660 2071 686 2114 to
700 2065 729 2114 C.
740 2063 763 2114 J.
773 2064 864 2124 Cessas,

70 2134 124 2185 send
135 2141 162 2182 tc
174 2133 210 2182 M.
220 2135 327 2198 Antcny.

108 2197 264 2251 illusionis.
295 2198 358 2247 This
377 2197 479 2261 reading
497 2212 576 2245 seems
595 2195 673 2261 justly
688 2194 809 2258 preferred
831 2195 864 2260 by

77 2260 186 2322 Ernesti,
202 2266 251 2313 end
265 2271 329 2312 most
345 2263 442 2320 editors,
457 2269 483 2310 tc
498 2263 611 2320 maxime,
626 2259 707 2309 which
723 2259 746 2309 J.
758 2259 786 2308 F.
797 2259 864 2308 Heu·

71 2326 274 2458 mutunus·
305 2327 607 2456 ligiblffl‘l*
622 2341 760 2390 annu
776 2325 864 2376 mm

108 2457 119 2510 i
136 2458 409 2523 Estque-conjugavit.
440 2457 503 2506 This
511 2462 624 2504 sentence
636 2455 657 2502 is
668 2454 826 2517 superfluous,
834 2469 863 2502 ss

72 2522 96 2570 -it
104 2524 126 2572 is
133 2525 178 2574 but
185 2541 201 2574 a
208 2524 335 2587 repetition
344 2521 373 2572 ol
378 2522 419 2570 the
427 2521 571 2586 preceding,
582 2519 669 2568 “Nihil
677 2519 863 2569 autem-bono·

76 2591 155 2640 rum.”
169 2604 175 2612 ·
189 2591 246 2638 And
263 2590 305 2638 the
322 2588 433 2652 question
444 2588 465 2638 is
475 2593 519 2636 not
529 2587 586 2635 here
597 2602 624 2634 as
635 2591 661 2634 to
675 2585 716 2634 the
732 2585 829 2655 degree
836 2581 863 2630 in

75 2653 157 2704 which
169 2654 316 2718 friendships
327 2669 368 2704 cre
379 2653 512 2717 agreeehle,
520 2653 564 2701 but
574 2667 601 2700 as
610 2656 636 2699 to
645 2649 686 2698 the
695 2649 773 2698 duties
781 2645 863 2694 which

74 2716 212 2784 friendship
230 2719 342 2784 imposes
373 2717 395 2766 F
395 2717 505 2767 ecciolsti
520 2717 569 2765 end
584 2715 652 2764 other
668 2713 757 2764 editors
772 2708 863 2760 reckon

73 2786 132 2846 this,
142 2784 272 2844 therefore,
282 2801 373 2850 among
384 2783 425 2832 the
436 2780 623 2844 interpellatione.
