1882 3216
306 157 367 205 LIB.
379 157 398 205 1.
420 157 492 204 Chl‘.
503 157 591 206 XXIII.
797 162 833 218 71

56 298 87 356 ad
106 317 192 373 quem
213 307 242 356 et
263 297 402 357 hereditas
424 301 509 375 hujus
523 301 646 376 gloriae,*
660 309 688 358 et
701 300 835 359 laetorum

56 377 169 436 imitatio
181 378 310 454 pertinet.
349 379 424 436 Mihi
432 378 545 450 quidem
556 388 629 436 certe
640 379 683 435 vir
694 378 836 446 abundans

55 456 160 513 bellicis
181 456 310 514 laudibus
332 455 389 514 Cn.
420 457 585 533 Pompeius,
609 457 703 514 multis
724 457 837 516 audien·

55 533 138 601 tibus,
149 535 204 591 hoe
214 534 318 600 tribuit,
332 545 363 590 ut
377 534 489 601 diceret,
503 535 603 592 frustra
619 553 650 592 se
664 535 837 612 triumphum

55 613 178 673 tertium†
202 612 408 688 deportaturum
433 614 530 681 luisse,
555 615 611 671 nisi
635 631 699 670 meo
723 614 751 670 in
777 633 837 670 rem

55 691 193 764 publicem
213 692 359 758 beneficio,
383 692 430 748 ubi
452 692 644 767 triumpharet,
667 703 742 748 esset
761 691 838 748 habi·

54 776 140 825 turuS.
182 768 254 825 Sunt
264 770 347 845 igitur
360 768 519 919 dometleae
539 769 712 828 fortitudines
727 789 782 827 non
796 770 839 826 ιιι-

53 845 169 903 seriores
189 848 371 904 militaribus:
395 845 424 905 in
466 850 546 904 uibus
567 848 629 924 plus
644 849 738 916 etiam,
753 865 837 927 quam

55 924 84 981 in
98 924 153 992 his,
169 943 261 1000 operae
276 925 417 998 studiique
431 925 593 1001 ponendum
607 935 660 982 est.

58 1157 147 1252 nir.
169 1169 280 1252 xxiii.
320 1193 645 1252 mosellanumque
661 1195 771 1273 ffuae
794 1197 840 1256 ex·

91 1271 247 1332 ereendurn
256 1289 359 1352 eorpus
369 1278 403 1332 ut
412 1270 531 1332 consilio
541 1271 705 1351 rationique
716 1273 838 1336 obediat.

91 1447 216 1505 Orruruo
230 1446 299 1504 illud
310 1447 470 1514 honestum,
480 1447 553 1520 quod
567 1467 604 1506 ex
618 1448 712 1506 animo
726 1447 839 1506 excelso

54 1525 261 1601 magnificoque
276 1525 437 1597 quaerimus,
453 1527 538 1583 animi
558 1526 686 1594 efficitur,
700 1544 758 1584 non
781 1544 840 1583 eor·

54 1606 131 1679 poris
146 1603 261 1660 viribus.
302 1602 501 1660 Exercendum
520 1613 613 1660 tamen
633 1623 734 1680 eorpus
754 1614 782 1660 et
802 1603 842 1660 ita

54 1680 234 1738 afficiendum
262 1691 323 1756 est,¹
341 1691 372 1738 ut
398 1681 510 1738 obedire
538 1681 657 1738 oonsilio
685 1681 840 1752 rationique

54 1759 147 1836 possit
167 1761 197 1816 in
220 1759 407 1830 exsequendis
427 1759 557 1835 negotiis,
572 1768 600 1816 et
618 1759 647 1815 in
667 1757 760 1815 labore
774 1758 841 1814 tole·

54 1838 152 1895 tando.
195 1837 356 1894 Honestum
379 1845 471 1894 autem
495 1837 533 1904 id,
557 1835 631 1909 quod
656 1836 840 1906 exquirimus,

54 1927 146 1974 toturn
166 1926 212 1988 eat
231 1916 354 1992 positum
375 1916 405 1972 in
427 1915 513 1972 animi
534 1933 599 1971 cura
613 1924 641 1970 et
654 1913 840 1990 cogitatione:

54 1995 83 2051 in
98 2013 157 2067 quo
168 2013 226 2051 non
241 1993 378 2052 minorem
393 1995 539 2052 utilitatem
554 1993 682 2060 afferunt,
695 1992 743 2064 qui
758 1991 842 2066 togati

54 2074 95 2132 rei
120 2073 242 2147 publicae
267 2082 400 2147 praesunt,
422 2091 505 2145 quam
531 2073 578 2144 qui
604 2072 707 2129 bellum
733 2079 840 2146 gerunt.

54 2150 154 2222 Itaque
174 2169 272 2208 eorum
287 2151 405 2208 oonsilio
420 2169 495 2226 saepe
510 2159 625 2208 autnon
640 2160 779 2224 suscepta,
796 2157 843 2206 aut

55 2228 184 2288 coniecta
205 2229 279 2286 bella
301 2238 449 2297 suntuna
472 2247 624 2301 numquam
645 2229 728 2286 etiarn
750 2227 840 2284 illata:

86 2409 102 2440 θ
112 2405 245 2456 Hereditas
253 2405 328 2468 liujus
334 2405 428 2470 glorie.
444 2405 529 2453 “Filio
537 2419 599 2462 meo,
608 2420 679 2466 quem
689 2404 732 2452 tibi
741 2405 842 2452 ohanrm

54 2487 108 2519 erse
125 2471 228 2536 gaudeo,
240 2470 261 2518 si
279 2471 326 2519 erit
336 2471 386 2518 ulla
395 2471 475 2533 Resp,
484 2469 543 2518 satis
554 2469 660 2530 amplum
671 2469 843 2531 patrimonium

55 2533 236 2598 relinqusmffn
244 2535 388 2584 memoriam
396 2535 502 2584 nomiuis
511 2534 583 2582 mei.’'
601 2533 645 2595 Ep.
654 2533 676 2580 2.
685 2534 725 2582 Ad
733 2533 842 2580 Celium.

85 2601 99 2652 †
120 2601 238 2650 Tertium.
269 2599 333 2648 Over
350 2599 505 2653 Mithridates
521 2599 569 2651 end
585 2597 713 2665 Tigranes,
723 2597 772 2645 end
787 2607 843 2642 over

56 2665 95 2721 the
107 2667 206 2732 pirates.
238 2663 302 2717 Flor.
313 2664 348 2717 ιιι
358 2665 381 2716 5,
