1888 3222
84 204 138 258 154
368 207 417 255 Du
435 207 608 260 orrlcus·
634 233 638 242 ·

81 361 129 400 ma
139 345 244 404 seelera
254 357 427 414 metuentes:
449 367 508 407 rern
523 367 589 407 vero
603 347 744 424 publicam
754 350 867 424 penitus

81 424 236 481 emisimus.
277 426 369 498 Atque
383 429 415 490 in
427 427 478 484 has
498 427 590 484 clades
612 427 762 485 incidimus
779 425 869 505 (rede

80 501 186 559 undum
198 512 241 559 est
254 506 329 562 enim
342 505 374 562 ad
390 503 577 582 propositum)
589 505 655 562 dnm
669 506 768 572 metui,
781 525 866 577 quam

81 580 137 634 cari
151 599 215 637 esse
229 592 257 638 et
270 582 350 660 diligi
363 585 523 641 maluimus.
564 585 634 650 Qua
648 585 673 639 si
687 584 796 659 populo
812 585 868 642 Ro-

80 675 163 715 mano
184 659 287 734 injuste
308 663 456 738 imperanti
478 661 603 725 accidere
624 671 783 737 potuerunt,
800 661 869 734 quid
934 725 935 746 χ

80 733 182 794 debent
196 735 309 812 putare*
324 741 449 815 singuli?
482 739 579 806 Qu0d†
599 759 663 797 curn
681 740 866 815 perspicuum

79 811 125 879 sit,
140 816 341 876 benevolentiae
355 821 413 875 vim
434 837 497 875 esse
517 837 657 894 magnam,
672 827 763 874 metus
778 819 868 877 imbe-

80 886 171 950 cillam
186 913 193 962 ;
216 899 341 968 sequitur
354 908 383 954 ut
396 897 576 963 disseramus,
592 897 692 967 quibus
704 897 788 952 rebus
801 915 867 971 pos·

76 960 169 1029 'simus
184 972 313 1032 facillime
328 995 400 1044 earn,
416 995 499 1048 quarn
511 975 650 1041 volumus,
666 971 784 1049 adipisci
800 993 866 1030 curn

80 1045 187 1110 honore
201 1063 229 1110 et
242 1055 297 1112 lide
311 1056 461 1111 caritatem.

120 1130 178 1187 Sed
191 1151 224 1188 ea
245 1153 301 1190 non
322 1135 423 1208 pariter
443 1151 541 1189 omnes
562 1149 688 1207 egemus.
731 1129 814 1187 Nam·
831 1130 867 1186 ad

80 1208 217 1283 cujusque
243 1212 327 1267 vitam
348 1212 500 1267 institutam
522 1207 789 1266 accommodandum
812 1218 866 1275 est,

80 1304 97 1341 a
109 1289 241 1344 multisne
255 1306 326 1363 opus
341 1289 386 1354 sit,
399 1309 435 1345 an
448 1289 515 1344 satis
530 1307 546 1344 a
559 1287 656 1363 paucis
670 1285 758 1362 diligi.
795 1285 867 1343 Cer·

79 1373 138 1420 turn
159 1365 242 1439 igitur
263 1366 317 1422 hoc
337 1366 383 1431 sit,
398 1365 481 1437 idque
502 1375 530 1423 et
549 1367 670 1440 primum
691 1375 719 1420 et
739 1365 866 1422 maxime

79 1443 280 1509 necessarium,
296 1441 493 1500 familiaritates
508 1445 610 1501 habere
624 1442 695 1500 fidas
709 1443 865 1500 amantium

79 1535 131 1576 nos
154 1520 317 1586 amicorum,
332 1529 360 1577 et
378 1531 472 1578 nostra
490 1523 658 1580 mirantium.
700 1520 773 1576 Haee
786 1522 867 1577 enim
934 1557 935 1586 1

63 1661 66 1665 ,
80 1605 192 1654 estune
205 1615 249 1653 res
264 1617 388 1673 prorsus,
402 1603 448 1672 utss
466 1620 524 1657 non
535 1600 653 1658 multum
668 1598 777 1656 differat
789 1599 866 1656 inter
934 1611 935 1626 ¹

78 1692 205 1732 summos
227 1687 255 1733 et
274 1677 428 1734 medioeres
449 1679 544 1747 viros3
566 1696 654 1750 eaque
673 1679 799 1749 utrisque
822 1687 867 1735 est
934 1725 935 1748 ,

78 1770 167 1828 prope
194 1755 308 1812 modum
329 1756 523 1832 comparanda.
563 1755 690 1823 Honore,
716 1766 744 1814 et
764 1756 865 1832 gloria,
934 1767 935 1838 ζ

79 1842 108 1888 et
121 1833 314 1892 benevolentia
332 1835 436 1893 civium
455 1835 571 1892 fortasse
591 1854 649 1892 non
670 1853 748 1908 aeque
763 1854 865 1892 omnes

111 1977 126 2008 *
142 1973 236 2023 Debent
247 1983 342 2040 potore.
374 1977 436 2026 This
452 1992 530 2024 seems
542 1993 556 2024 u
566 1975 675 2038 singular
692 1976 867 2034 construction,

78 2039 127 2086 und
138 2041 218 2088 would
233 2042 263 2088 be
274 2041 384 2104 thought,
396 2042 421 2089 in
439 2042 479 2090 the
496 2041 655 2102 composition
666 2040 695 2089 of
705 2058 737 2089 an
749 2040 865 2105 English-

78 2105 195 2162 man,the
211 2102 326 2152 idiomof
336 2107 375 2153 his
390 2123 445 2154 own
462 2113 558 2170 tangue.
591 2107 615 2155 A
633 2113 759 2165 corrector,
770 2122 803 2153 on
820 2121 867 2153 one
934 2165 935 2178 ἦ

80 2168 158 2226 MSS,
169 2169 213 2215 hus
225 2168 283 2231 quid
294 2167 391 2218 debetur
396 2172 488 2234 putori.

91 2235 125 2284 -†
142 2231 219 2289 Quod.
251 2233 350 2281 Ernesti
361 2236 439 2283 would
449 2237 505 2282 read
515 2251 566 2298 pue.
598 2235 629 2283 In
638 2235 677 2283 his
684 2235 761 2283 Index
772 2233 867 2282 Lethe

79 2297 189 2344 however
207 2313 271 2360 says,
281 2299 334 2346 that
348 2300 435 2348 Cicc‘ro
450 2300 515 2349 osten
528 2300 637 2364 employa
653 2299 721 2362 quod,
733 2307 759 2348 at.
768 2300 809 2347 the
827 2301 867 2346 be-

79 2361 166 2425 ginnin
196 2361 225 2408 of
231 2370 376 2422 asentenee,
389 2365 415 2412 in
426 2365 466 2414 the
481 2381 551 2413 sense
562 2365 592 2413 of
598 2381 660 2428 φιος
676 2365 816 2428 inquam
832 2363 869 2410 ad

79 2427 160 2488 idque
185 2426 277 2480 attinet.
518 2455 520 2460 ,

113 2499 123 2542 l
140 2489 189 2538 Res
202 2507 304 2553 prorsus
320 2500 354 2540 ut.
386 2492 434 2540 Est
450 2499 485 2551 ut,
501 2510 601 2556 appears
618 2511 633 2542 u
648 2492 775 2540 Graeeism.
808 2492 867 2540 The

79 2555 194 2618 ordinary
205 2557 369 2604 construction
384 2557 464 2604 would
478 2557 538 2606 have
554 2561 622 2616 been,
633 2559 691 2606 Hoee
706 2573 756 2605 nno
773 2573 813 2604 ree
829 2565 867 2606 est

79 2621 108 2665 in
118 2635 165 2680 qvae
176 2634 223 2666 non
233 2619 336 2666 multum
345 2620 440 2680 differat
449 2623 512 2669 inter
519 2639 625 2671 summos
634 2629 656 2670 et
662 2622 799 2670 medioeres.
816 2620 867 2669 Pro

81 2683 180 2740 Milone,
192 2699 212 2730 e.
221 2683 258 2730 13.
291 2683 356 2730 “Ille
368 2690 419 2732 eret
430 2691 457 2732 ut
468 2687 579 2735 odisset'’

303 2751 317 2774 “
495 2751 639 2799 Hoetomen
650 2755 724 2798 estut

143 2808 308 2864 Quaerendum
319 2811 435 2871 videatur,
445 2820 470 2862 et
478 2814 503 2862 in
515 2815 647 2863 discrimen
657 2813 804 2878 agendum.''

622 2877 719 2928 Lueret.
731 2879 765 2927 iii.
778 2875 830 2924 ’tau
