1896 3220
86 187 105 242 6
371 178 421 230 'DE
438 175 591 231 officiis.

936 271 939 306 r

89 324 161 396 bue3
182 344 275 399 oeque
296 327 321 382 si
344 335 437 383 tecum
460 343 525 401 ages
546 323 755 397 quid‚*·neque
769 323 794 381 si
809 339 878 383 eum

57 399 62 416 ‘
90 407 175 465 altero
189 405 346 471 contrahas,
368 421 464 461 vacare
480 403 588 466 officiol
604 413 716 480 potest:
739 403 769 460 in
783 421 877 476 eoque
938 463 940 478 A

90 495 119 542 et
132 483 261 551 colendo,
273 483 329 540 sita
341 483 403 540 vitae
415 493 458 540 est
468 483 601 540 honestes
613 483 716 549 omnis,
729 491 758 539 et
768 483 798 538 in
808 501 878 559 neg·
935 481 940 506 ¹

85 562 210 643 figendo,
224 560 377 638 turpitudo.
938 507 940 628 l

128 642 219 714 Atque
234 641 295 697 hee
309 639 422 716 quidem
437 639 556 712 questio
570 639 729 697 communis
750 649 794 695 est
816 644 878 696 om·

87 720 168 778 nium
182 714 426 795 philosophorum.
467 719 538 784 Quis
559 728 603 776 est
622 718 709 784 enim,
724 717 773 789 qui
791 717 877 775 nullis

90 797 177 856 officii
191 798 338 875 preceptis
353 797 509 870 tradendis‡
521 796 724 874 philosophum
735 815 766 852 se
778 795 879 853 audeat
940 769 941 860 l

89 875 203 934 dicere?
233 875 289 932 Sed
304 885 369 932 sunt
382 875 539 949 nonnullae§
555 872 720 950 discipline,
736 893 798 947 quae
812 892 878 951 pro·
939 869 941 920 ῗ

90 953 190 1032 positis
204 954 342 1015 bonorum
356 965 384 1012 et
398 955 535 1012 malorum
548 953 662 1019 finibus,
678 953 802 1010 officium
818 971 879 1011 orn·
941 966 942 1026 t

89 1049 126 1091 ne
140 1043 309 1110 pervertunt.
350 1033 427 1091 Nam
441 1032 490 1106 qui
503 1051 647 1090 summurn
661 1033 765 1089 bonum
778 1031 821 1086 sio
835 1031 877 1089 in-

89 1113 188 1179 stituit,
210 1122 242 1169 ut
261 1112 333 1169 nihil
357 1112 457 1168 habeat
478 1130 543 1168 cum
564 1111 663 1166 virtute
684 1111 876 1185 conjunctum,

90 1191 175 1262 idque
190 1191 250 1247 suis
264 1189 432 1254 commodis,
447 1207 506 1246 nou
520 1189 664 1244 honestate
679 1190 807 1256 metitum
831 1189 878 1248 hic
941 1195 942 1206 ¹

87 1269 116 1325 si
131 1269 184 1325 sibi
200 1268 261 1356 ipse
276 1267 432 1324 consentiat
445 1276 473 1322 et
486 1285 542 1324 non
556 1263 695 1323 interdum
711 1276 815 1324 uaturae
828 1268 879 1325 bo·

90 1346 176 1404 nitate
191 1354 325 1410 vincatur,
340 1361 431 1415 neque
447 1343 597 1401 amicitiam
607 1345 699 1402 colere
710 1345 811 1422 possit,
825 1365 877 1403 nec

87 1423 236 1500 justitiam,
251 1439 303 1478 nec
314 1422 516 1480 liberalitatem.
558 1423 650 1481 Fortis
663 1442 738 1490 vero,
751 1423 878 1482 dolorem
942 1425 943 1428 ’

88 1519 235 1563 summum
249 1499 355 1561 malum
369 1500 512 1578 judicans,
534 1511 581 1562 aut
594 1513 764 1580 temperans,
780 1503 878 1580 volup·

120 1702 138 1739 ⁵
153 1701 219 1770 Agat
226 1700 292 1770 quid,
311 1705 363 1754 The
375 1703 453 1754 duties
463 1703 576 1767 imposed
585 1709 620 1767 by
632 1707 673 1752 the
688 1705 737 1754 lew
748 1707 778 1753 oi
790 1715 879 1756 nature

88 1768 153 1818 heve
165 1773 225 1818 been
238 1771 413 1830 distinguished
429 1774 462 1832 by
477 1772 599 1818 moralists
617 1771 668 1816 into
685 1772 753 1817 three
769 1772 878 1832 classes;
943 1769 944 1798 ³

91 1835 134 1884 lst.
158 1835 238 1882 These
250 1836 327 1882 which
345 1837 434 1897 regnrd
450 1837 491 1884 the
508 1836 626 1896 Supreme
643 1835 737 1895 Boing;
757 1835 805 1893 lld,
821 1851 877 1883 our·

81 1899 168 1952 ,selues
178 1913 185 1957 3
204 1900 266 1958 llld,
277 1902 347 1946 other
359 1914 421 1947 men.
457 1900 544 1947 Cicero
553 1913 658 1958 appears
670 1906 695 1945 to
706 1899 770 1945 heve
782 1899 840 1947 here
852 1901 878 1946 in

92 1964 153 2011 siew
165 1965 205 2010 the
213 1964 304 2012 second
315 1965 388 2010 cluss.

123 2030 135 2080 i
150 2023 240 2088 Officio.
261 2023 314 2072 The
331 2041 398 2072 noun
417 2026 437 2073 is
455 2025 555 2072 derived
575 2026 639 2071 from
657 2026 697 2072 the
716 2026 774 2072 verb
785 2025 879 2091 apicio,

90 2091 151 2136 used
171 2091 196 2136 in
214 2104 230 2137 e
249 2103 319 2136 sense
339 2090 398 2150 long
414 2089 566 2148 entiqunted.
599 2089 651 2136 The
668 2090 817 2148 preposition
832 2093 879 2140 hes

92 2153 151 2212 hed,
163 2153 187 2198 in
200 2153 247 2200 this
256 2152 377 2212 instance,
388 2153 428 2198 the
437 2167 504 2199 seme
515 2153 635 2200 influencc
644 2169 675 2198 ou
685 2155 726 2200 the
738 2156 803 2213 verb,
816 2170 844 2202 es
854 2157 879 2203 iu

88 2216 133 2263 the
145 2216 308 2276 composition
327 2218 357 2262 os
372 2216 468 2276 oblecto,
484 2215 604 2278 obsequor,
621 2216 762 2279 obtempero,
774 2218 880 2276 oberlin

93 2280 146 2327 thet
164 2280 194 2326 os
209 2280 421 2340 accommodating
441 2293 469 2325 or
491 2280 591 2336 making
614 2281 758 2340 applicnhlcr
791 2283 879 2330 Hence

90 2345 196 2390 another
207 2345 342 2404 secondery
356 2343 503 2403 applicatiou
515 2343 655 2405 osqfficium
666 2347 715 2392 and
726 2343 842 2406 officiosus
854 2348 880 2393 iu

90 2408 133 2456 the
144 2421 215 2454 sense
225 2409 256 2454 oi
263 2406 396 2468 attigerim
407 2422 436 2454 or
440 2407 539 2470 favour.

124 2465 416 2528 lidudb'e--lrcdemls'e
447 2471 553 2528 Thetis,
570 2471 668 2520 duclla
680 2487 729 2520 ase
740 2472 879 2522 tradantur.

91 2531 114 2582 Τ
116 2535 152 2582 his
164 2535 291 2595 participle
302 2534 347 2581 hes
359 2535 522 2594 occasionally
533 2549 548 2580 a
558 2545 656 2593 present
664 2537 838 2598 signification,
852 2553 879 2586 ss

88 2609 147 2657 cep.
159 2601 183 2645 8.
216 2599 250 2646 Ao
266 2599 296 2646 de
304 2596 439 2662 'inserenda
448 2598 545 2662 quidem
556 2599 649 2663 injurio
660 2600 716 2646 rutis
726 2599 816 2647 dictum
827 2608 869 2650 eet.

123 2661 286 2724 §.h'otmtelhe
310 2661 363 2709 'she
379 2662 522 2722 Epicurean
531 2672 583 2710 sect
600 2665 619 2709 is
640 2663 737 2708 alloded
756 2671 796 2710 to:
815 2666 882 2712 their

90 2732 229 2784 opponente
241 2726 349 2786 imputerl
361 2734 386 2772 to
398 2729 464 2774 them
483 2728 524 2772 the
541 2727 641 2787 opinion
662 2726 716 2772 that
733 2727 847 2785 pleesure
860 2729 882 2776 is

89 2787 134 2833 ‘be
145 2803 257 2848 supreme
269 2791 342 2851 good,
353 2791 403 2838 end
418 2790 479 2854 puin
490 2791 531 2838 the
548 2803 663 2852 supreme
684 2791 738 2839 eril.
771 2791 809 2840 De
822 2792 881 2842 rin

172 2853 244 2902 Tunc.
255 2853 283 2910 Q.
295 2852 325 2902 Υ.
336 2854 375 2907 ³⁰,
