1890 3224
93 201 152 258 244
376 197 424 246 na
442 195 597 245 urricus.

92 417 181 476 unP.
195 417 262 476 llll.
302 415 377 474 Rem
389 416 520 476 illustrat
541 415 760 475 Ciceronibus
785 433 879 475 emm·

126 495 205 574 plia,-
220 513 344 572 qaorum
353 496 489 574 primum
504 503 545 554 ert
566 493 675 554 Rhodii
694 497 876 563 mercatoria,

131 574 251 710 afflue
273 573 307 632 de
328 575 441 632 astutia
464 575 498 633 in
529 574 723 633 contractibus
748 593 879 634 commu·
933 682 934 730 1

76 811 78 821 ¹
130 795 264 854 Manena
274 797 370 873 erga*
378 795 453 868 quod
462 806 541 872 turpe
552 796 598 862 sit,
610 794 639 852 id
649 813 805 866 numquam
815 813 878 852 esse

24 888 27 897 ’
91 873 176 932 utile:
197 885 306 932 netum
326 874 449 946 quidem,
471 893 535 931 cum
562 873 591 930 id
618 874 693 945 quod
720 891 786 932 esse
811 873 878 930 utile

90 962 183 1027 putea.
206 952 369 1029 adipiscare.
411 953 475 1010 Hoc
496 954 571 1010 enim
589 953 682 1028 ipsum
698 952 766 1010 utile
780 964 878 1027 putare

90 1031 168 1102 quod
180 1041 259 1108 turpe
270 1033 316 1099 sit,
330 1033 523 1090 calamitosum
535 1043 593 1088 eat.¹
628 1031 686 1090 Sed
697 1030 838 1098 incidunt,
851 1040 880 1087 ut

90 1127 176 1186 supra
189 1109 272 1177 dixi‚†
285 1129 360 1186 saepe
374 1128 490 1176 caussae,
505 1128 570 1168 cum
595 1127 750 1186 repugnare
773 1109 878 1166 utilitas
934 1093 935 1142 l

90 1185 229 1246 honestati
244 1189 393 1261 rideamnss
416 1197 447 1245 ut
468 1187 745 1246 animadvertendum
767 1189 815 1254 sit,
837 1206 878 1243 re·

89 1272 241 1398 pugnatus
246 1267 338 1341 plane,
351 1286 386 1324 an
396 1266 487 1341 possit
499 1285 564 1324 cum
577 1269 721 1326 honestate
733 1265 877 1342 conjungi.
935 1294 936 1332 ι

114 1362 162 1417 Jus
188 1345 299 1418 generis
320 1346 363 1400 hae
384 1353 450 1400 sunt
473 1349 656 1416 quaestiones:
686 1345 729 1410 St,
751 1343 878 1419 exempli
935 1333 936 1388 l

89 1421 184 1496 gratia,
208 1421 355 1478 virbonus
376 1422 547 1479 Alexandria
573 1423 715 1489 Rhodum,
742 1440 877 1499 magnum

88 1497 218 1554 frumenti
232 1501 395 1570 numerum§
411 1497 555 1558 advexerit
572 1501 602 1558 in
624 1501 803 1559 Rhodiorum
820 1501 882 1558 ina.

88 1574 145 1651 pia,
155 1573 275 1641 etfama,
290 1593 455 1648 summaque
470 1597 586 1637 annunoe
608 1581 737 1637 caritate:
760 1581 786 1636 si
804 1580 877 1636 idem

88 1653 166 1720 sciat,
182 1654 340 1730 complures
358 1667 526 1714 mercatores
550 1658 719 1716 Alexandria
745 1659 878 1722 solvisse,

87 1749 230 1804 navesque
258 1734 288 1796 in
312 1751 405 1801 cursu,
430 1733 570 1793 frumento
597 1735 722 1802 onustas,
749 1749 878 1811 petentes

88 1807 231 1878 Rhodum,
253 1813 368 1881 viderim
393 1812 553 1872 dicturusne
573 1815 611 1875 sit
630 1815 659 1872 id
680 1815 815 1882 Rhodiis,
845 1833 878 1871 au

88 1965 190 2016 ailianae
206 1966 267 2017 with
282 1969 324 2018 the
339 1967 437 2018 Roman
453 1975 521 2029 state,
533 1987 560 2019 as
578 1970 716 2028 Deiotarum,
727 1970 771 2018 the
788 1956 881 2019 inhabi-

88 2037 153 2080 tants
169 2033 200 2082 of
216 2031 360 2092 Marseillcs,
375 2035 423 2103 and
440 2035 535 2092 others;
550 2050 582 2084 ou
598 2035 680 2083 whom
696 2035 792 2100 Ceam,
809 2037 880 2086 when

88 2111 228 2158 conqueror,
240 2097 349 2161 imposed
360 2099 455 2148 tribute.

364 2279 528 2330 CHAPTER
543 2279 602 2330 XII.

86 2441 88 2450 .
119 2403 135 2435 ⁴
147 2401 245 2451 Maneat
261 2421 287 2453 er
304 2422 324 2454 o.
356 2407 402 2456 Iret
423 2411 444 2457 it
463 2407 489 2456 be
505 2409 560 2457 then
575 2407 715 2458 considered
733 2425 764 2458 ua
780 2409 880 2476 proved.

88 2465 143 2514 Pro.
155 2467 210 2516 Mil.
221 2468 251 2517 iv.
263 2475 276 2498 ‘⁶
284 2421 436 2534 {unpropter
447 2472 493 2522 hoc
504 2481 601 2523 maneat
612 2475 638 2523 iu
650 2489 730 2532 causa,
741 2475 864 2539 judices.”

121 2531 226 2596 iSapru
239 2533 345 2583 dici-r.
358 2537 394 2584 10.

121 2595 131 2646 l
149 2595 279 2646 Videatur:
291 2599 321 2646 al.
332 2599 435 2647 uidear.

119 2658 285 2716 §Numerum
318 2661 579 2727 Namenaaisupplied
589 2674 615 2715 to
623 2669 763 2716 substances
775 2667 828 2717 sold
846 2670 879 2732 by
936 2663 937 2666 ¹

87 2735 198 2770 mensure
210 2741 236 2771 as
247 2725 301 2772 well
312 2740 339 2770 as
352 2726 383 2787 by
394 2727 449 2773 tale.
482 2729 547 2777 Hirt.
556 2731 585 2778 de
596 2731 654 2779 Bell.
661 2731 714 2779 Asr.
724 2748 745 2780 c.
754 2732 777 2779 8.
789 2739 803 2760 “
810 2749 877 2796 mag*

87 2797 119 2830 no
130 2786 245 2834 frumenti
261 2788 358 2834 invento
375 2793 501 2838 nurnero.”
534 2793 678 2854 Martiarum,
689 2811 716 2843 or
734 2813 802 2846 some
812 2797 878 2844 simi·

87 2845 122 2890 lar
134 2849 240 2905 wardia
251 2849 366 2912 probably
376 2853 527 2901 understood.
