1882 3216
338 193 447 248 null.
468 196 545 250 CAP.
558 198 581 246 l·
786 195 842 252 1³8

78 343 223 397 arcemotur,
231 343 347 402 tauquam
354 354 370 387 s
377 339 480 403 jusum,
487 337 615 404 sapientis,
626 338 777 399 liberalitate,
786 337 843 396 fide,

78 403 239 460 humanitate,
256 403 426 466 hospitalitate.
458 405 499 454 Ad
513 405 642 454 utilitatem
653 419 710 454 vcro
726 402 842 468 quoniam

80 469 185 528 pertinet
205 468 279 516 etiam
297 468 416 528 valetudo,
434 471 589 534 pecuniaque
608 470 704 528 ablatio,
722 467 844 532 quomodo

80 532 193 582 valetudo
203 539 357 592 untentetur,
369 539 394 582 ct
404 534 508 596 pecunia
516 535 615 584 honesto
623 541 753 598 queratur,
762 541 842 584 osten·

81 595 124 644 dit.
157 598 188 646 ln
203 598 382 660 comparatione
397 605 479 648 autem
497 599 636 659 utilitatum,
652 615 728 664 quum
746 599 784 649 vel
801 613 841 646 ex-

81 667 151 711 terna
168 664 296 714 commode
313 679 370 716 oum
389 665 523 714 commodis
541 665 655 728 corporis,
675 665 714 714 vel
734 663 842 727 corporis

82 728 209 776 commoda
220 743 276 790 curn
289 728 404 787 externis,
415 736 458 779 sut
468 731 596 780 commoda
611 731 717 794 corporis
733 727 796 778 inter
807 745 841 788 so,

82 797 126 840 aut
136 799 237 841 exterus
247 809 304 842 cum
315 793 420 842 externis
431 802 608 857 comparantur,
616 811 665 844 non
676 795 778 846 dubium
788 809 842 846 esso

82 857 223 918 pronuntiat
234 857 293 920 quin
310 859 388 923 major
403 859 495 908 utilitas
512 860 602 916 minori
617 860 650 910 sit
659 861 842 924 ,mrteponendq

83 921 129 970 hac
140 927 223 972 tamen
234 921 287 988 lege
298 939 329 974 ne
341 924 371 976 ab
382 923 483 972 honesto
493 925 642 975 demeum.
775 936 778 945 “

57 1047 141 1142 CAl'.
155 1083 181 1142 1.
202 1081 424 1164 Pbiloroplicm
449 1037 572 1144 unicum
599 1102 660 1144 aare
685 1083 840 1144 &ceroma

376 1163 525 1223 rodolium.

93 1294 181 1362 Quau
197 1293 231 1352 sd
251 1293 366 1353 modum
387 1295 480 1352 offic'ia
497 1293 663 1354 ducerentur
682 1295 717 1354 ab
736 1293 841 1354 hones·

58 1381 118 1440 tate,
143 1373 242 1436 Marce
265 1373 317 1439 fili,
340 1367 423 1446 atqui
444 1375 478 1432 ab
498 1375 577 1432 omni
597 1393 698 1450 genere
718 1373 840 1442 virtutis,

58 1452 120 1508 satis
132 1452 302 1528 explicatum
314 1453 429 1510 arbitror
438 1452 677 1530 librosssuperiore.
697 1453 840 1527 Sequitur,

59 1541 87 1586 ut
100 1531 157 1586 haec
172 1530 329 1588 officiorum
341 1526 443 1607 genera
453 1523 615 1608 p'orsequar,
626 1551 689 1606 quae
700 1530 842 1609 pertinent

60 1607 91 1665 ad
103 1609 165 1666 rita
180 1609 296 1674 cultum,
311 1621 339 1666 et
353 1607 387 1666 ad
401 1629 496 1667 earum
517 1629 619 1678 rerum,
641 1611 743 1684 quibus
760 1621 842 1670 utun-

60 1695 100 1744 tur
118 1686 260 1753 homines,
281 1687 449 1756 facultatem,
464 1689 500 1766 ad
513 1707 593 1765 opos,
609 1687 644 1746 ad
657 1689 764 1764 copias.
806 1687 841 1746 In

61 1768 127 1836 quo*
140 1777 199 1823 tum
214 1765 301 1838 quaeri
315 1765 384 1831 dixi,
400 1765 467 1838 quid
482 1767 560 1833 utile,
575 1765 766 1838 quidinutile:
782 1776 842 1824 tum

61 1861 94 1900 ex
113 1844 226 1902 utilibus
248 1843 318 1916 quid·
334 1845 441 1911 utilius,
462 1856 509 1900 aut
527 1843 595 1916 quid
615 1843 739 1900 maxime
763 1844 842 1902 utile.

62 1919 102 1978 De
121 1923 222 1999 quibus
247 1922 339 1980 dicere
366 1918 519 1999 aggrediar,
541 1922 567 1979 si
593 1939 683 1998 pauca
708 1921 786 1997 prius
806 1921 842 1979 de

61 1998 181 2060 instituto
195 2019 228 2080 ac
241 1998 277 2058 de
293 2001 401 2078 judicio
415 2019 479 2058 meo
493 2000 615 2068 diremi

98 2079 274 2152 Quamquam
302 2080 377 2138 euim
402 2080 466 2136 libri
490 2079 578 2156 nostri
603 2077 761 2154 complures
783 2095 842 2136 non

63 2157 142 2216 modo
156 2157 191 2216 ad
204 2157 326 2234 legendi,
340 2157 391 2216 sed
405 2159 489 2216 etiam
503 2157 538 2216 ad
558 2157 698 2216 scribendi
717 2156 842 2216 studium

239 2313 267 2422 J
302 2305 306 2356 3
348 2347 575 2410 cularum,

93 2468 107 2498 ⁸
118 2465 148 2516 Ic
158 2483 204 2532 qao
230 2467 293 2516 This
302 2473 421 2526 sentence,
430 2466 521 2532 ending
528 2466 845 2534 monimemile,uthought

66 2529 95 2592 by
105 2529 233 2582 Foeciolati
245 2532 293 2582 and
304 2533 372 2581 other
383 2533 479 2596 editors,
490 2539 515 2580 to
526 2533 555 2580 bc
566 2548 598 2580 un
609 2533 784 2596 interpolation.

95 2595 106 2648 i
115 2595 265 2647 St-diam.
296 2597 326 2645 Si
337 2597 410 2658 (from
421 2599 464 2660 rit)
473 2598 499 2645 in
506 2597 556 2646 uis
564 2597 612 2648 and
622 2598 715 2646 similar
723 2611 844 2660 passages,

67 2657 135 2710 isnot
144 2670 169 2711 to
179 2665 209 2712 be
218 2663 363 2712 understood
371 2663 571 2728 hypothetically:
588 2663 677 2721 rathcr,
685 2661 752 2710 wlco
761 2661 773 2709 l
782 2661 844 2708 heve

66 2725 151 2786 *pollen
162 2745 177 2778 a
187 2728 233 2778 few
250 2728 370 2792 prefatory
381 2728 494 2777 words-'-

112 2845 116 2854 ,
235 2794 281 2842 “Si
292 2809 356 2842 nonu
366 2790 431 2840 diem
442 2792 583 2842 mortalibus
594 2791 685 2840 almum
787 2829 794 2834 ,.

189 2857 286 2910 Aurora
295 2857 429 2909 estrdorit.”
457 2925 492 2977 12
557 2855 614 2904 AEn.
625 2869 647 2901 v.
658 2849 696 2900 64
706 2849 729 2898 5·
