1896 3220
316 174 375 226 LlB.
386 176 405 225 Ι.
422 173 583 226 cnexvn.
794 219 802 238 ,
819 183 856 238 5³

69 339 169 380 meuse
181 319 315 377 societate
335 320 451 378 humani
471 321 581 398 genens
601 318 630 377 in
652 319 785 396 exiguum
807 340 855 382 sn·

69 409 239 476 guemmque
253 398 437 457 concluditur.

108 478 186 535 Nam
200 494 265 534 cum
279 477 317 532 sit
330 477 384 534 hoc
393 486 488 534 natura
497 494 645 535 commune
657 477 850 546 animantium,

68 564 100 612 ut
113 556 232 612 habeant
245 554 397 611 lubidinem
414 556 585 630 procreandi,
595 556 686 630 prima
694 557 812 614 societas
821 557 851 614 in

69 634 134 768 ipso
148 633 279 709 conjugio
293 645 354 688 est:
377 634 506 709 proxima
516 635 545 691 in
554 634 667 690 liberis:
690 632 855 692 deindeuna

90 729 183 779 ornus,
202 712 362 768 communia
383 713 487 769 omnia.
529 711 578 788 [ld
598 724 690 769 autem
713 723 756 768 est
778 714 854 790 prin·

68 790 173 864 cipiunt
189 790 275 855 urbis,
290 799 318 846 et
331 790 410 860 quasi
431 791 612 847 seminarium
639 791 680 847 rei
705 790 851 870 publice]

70 867 233 941 Sequuntur
252 866 365 924 fratrum
386 869 608 943 conjunctiones,
629 877 694 942 post
711 869 854 928 consobri-

69 947 187 1004 norum*
201 946 451 1017 sobrinorumque:
474 947 522 1017 qui
543 963 606 1002 cum
629 962 684 1002 uua
697 946 781 1004 domo
791 948 852 1023 jam

69 1025 131 1100 capi
144 1042 203 1082 nou
217 1023 336 1100 possint,
351 1024 380 1080 in
396 1024 464 1080 alias
485 1023 594 1087 domos,
611 1035 750 1094 tamquam
765 1026 795 1082 in
806 1043 851 1082 co-

68 1101 159 1160 lonias
175 1112 288 1158 exeunt.
329 1101 490 1174 Sequuntur
502 1102 641 1158 connubia
651 1111 680 1156 et
690 1101 852 1159 affinitates:

67 1198 103 1238 ex
118 1181 221 1252 quibus
232 1180 320 1236 etiam
335 1179 429 1254 plures
451 1179 612 1255 propinqui.
654 1177 741 1256 [Quae
755 1198 855 1256 propa·

66 1260 152 1333 gotio,
170 1268 199 1316 et
219 1257 341 1324 suboles,
362 1258 442 1332 origo
463 1266 507 1314 est
525 1275 617 1314 rerum
641 1257 853 1336 publicamml]

66 1337 219 1412 Sanguinis
234 1346 326 1393 autern
338 1336 510 1412 conjunctio,
528 1335 721 1394 benevolentia
732 1335 855 1395 devincit

65 1413 247 1472 homines·et
266 1414 386 1470 caritate.
428 1415 564 1490 Magnum
588 1424 631 1472 est
652 1415 727 1472 enim
751 1412 850 1473 eadem

65 1492 169 1551 habere
179 1502 359 1550 monumenta
368 1492 515 1569 majorum,
524 1492 630 1550 eisdem
644 1493 684 1550 uti
698 1495 795 1561 sacris,
808 1512 852 1551 se·

66 1573 163 1647 pulcra
176 1571 278 1628 habere
291 1571 463 1628 communia.

104 1649 164 1707 Sed
178 1649 304 1706 omniurn
324 1648 489 1706 societatum
508 1648 584 1707 nulla
603 1649 777 1725 prestantior
797 1657 850 1717 est,

64 1729 142 1788 nulla
155 1727 272 1793 firmior,
287 1744 370 1798 quarn
385 1744 449 1784 curu
464 1727 517 1783 riri
538 1728 614 1792 boni,
631 1728 754 1784 moribus
775 1727 853 1784 simi·

64 1809 117 1875 les,
130 1814 197 1863 sunt
204 1804 386 1861 familiaritate
398 1805 550 1880 conjuncti.
579 1803 650 1860 lllud
661 1805 736 1861 enim
748 1805 851 1862 hones·

65 1895 126 1944 mm
143 1882 232 1962 (quod
245 1900 320 1960 saepc
342 1881 476 1959 dicimus)
497 1883 580 1940 etiam
595 1882 621 1938 si
641 1881 672 1938 in
691 1881 745 1937 alio
763 1883 853 1939 cerni·

95 2078 109 2106 ⁶
132 2073 339 2125 Comobrinornm.
372 2074 425 2122 The
444 2081 506 2120 term
524 2069 657 2122 consubrini
668 2087 719 2119 was
731 2072 851 2134 probably

64 2141 116 2189 first
129 2140 228 2200 applied
240 2147 265 2185 to
277 2139 386 2186 children
399 2138 533 2196 ossisters5
551 2137 621 2198 qussi
630 2135 783 2184 consororini.
810 2139 851 2186 So·

65 2203 130 2256 brim'
142 2217 185 2250 sre
193 2203 234 2249 the
246 2203 355 2249 children
367 2202 397 2249 οἵ
403 2200 545 2250 consobrini.
579 2202 605 2248 ln
616 2201 663 2247 this
675 2214 788 2261 passage,
800 2205 849 2249 sud

64 2268 205 2327 elsewhere,
223 2267 265 2312 the
281 2273 342 2312 term
363 2265 497 2313 eomobrr'm'
509 2266 528 2312 is
545 2266 620 2310 tehen
640 2265 663 2310 in
681 2280 712 2311 un
728 2268 851 2313 extended

63 2347 144 2392 sense,
156 2329 363 2392 comprehending
373 2331 414 2376 the
426 2329 535 2375 children
546 2331 574 2374 os
583 2329 695 2375 brothers
705 2329 850 2390 (patrueles)

63 2413 90 2445 as
104 2396 161 2444 well
173 2408 201 2440 ar
212 2395 242 2439 or'
249 2393 348 2450 sisters;
366 2393 399 2440 ull
411 2393 464 2438 first
475 2393 587 2439 cousins:
605 2391 703 2451 sobrini,
714 2394 756 2438 tbc
768 2395 847 2454 grand

62 2461 173 2510 children
192 2459 222 2502 os
234 2459 304 2515 each,
321 2458 412 2503 second
427 2456 532 2504 cousins.
567 2456 614 2502 l'ro
637 2456 719 2517 Liger.
730 2470 752 2501 c.
764 2455 788 2503 4.
820 2457 850 2504 T.

63 2524 190 2572 Rrocchus
201 2520 222 2566 is
233 2521 312 2567 called
324 2519 479 2570 comcbrs'uus
492 2528 518 2566 to
530 2519 653 2581 Ligarius,
666 2521 707 2566 the
718 2520 811 2566 tarum
822 2520 853 2564 οῖ

63 2589 124 2636 each
137 2585 344 2644 beingbmtnsrs.

94 2657 105 2708 t
123 2648 287 2700 Pmttecrum.
320 2649 399 2695 These
410 2655 459 2695 two
475 2653 602 2693 sentences
623 2645 706 2692 within
724 2645 848 2698 brackets,

64 2714 201 2765 Fesciolati
224 2713 274 2760 hed
292 2712 450 2771 pronouuced
469 2718 495 2756 to
515 2712 545 2758 be
564 2709 684 2769 spurious.
716 2706 847 2776 Gernberd

63 2793 177 2828 concurs.
210 2777 262 2823 The
279 2777 344 2824 trsin
355 2779 385 2823 of
401 2775 533 2834 reasoning
545 2773 565 2819 is
582 2768 763 2824 unnecesssrily
776 2772 848 2810 ruter-

66 2845 155 2904 rupted
167 2843 201 2902 by
214 2841 288 2887 them.
427 2903 461 2956 ὅ*
