1896 3220
84 188 122 248 43
184 161 189 176 “
359 189 414 236 ‚ns
431 185 585 237 osricus,

123 332 195 389 Sunt
208 339 300 389 autem
314 330 405 398 multi,
420 340 448 387 et
461 329 575 403 quidem
592 327 687 404 eupidi
709 327 870 405 splendoris
930 323 937 332 ’

83 418 112 467 et
125 410 229 485 gloriae,
244 411 294 483 qui
307 409 428 486 eripiunt
448 410 520 476 aliis‚‘
536 407 611 480 quod
625 408 686 465 aliis
706 408 869 485 largientur.

84 487 180 560 Hique
193 489 365 554 arbitrantur,
380 507 411 545 se
426 487 568 545 beneficos
581 488 610 544 in
625 505 692 544 suos
708 487 814 543 amieos
829 486 870 545 vi·

84 585 147 623 sum
162 567 205 634 iri,
220 569 245 625 si
259 568 430 643 locupletent
443 584 492 624 eos
507 583 682 637 quacumque
696 566 814 621 ratione.
836 563 869 622 ld

83 653 175 701 autern
190 656 295 704 tantum
311 647 389 702 abest
402 644 506 709 officio,
520 653 552 700 ut
571 643 642 700 nihil
662 644 751 720 magis
773 643 870 700 officio

83 723 175 798 possit
188 743 251 781 osse
266 725 443 782 eontrarium.
483 721 645 779 Videndum
667 731 711 778 est
731 721 825 796 igitur,
841 731 871 778 ut
937 797 938 802 ἵ

83 819 118 874 ea
131 800 293 860 liberalitate
313 812 432 868 utamur,
448 820 510 873 quae
532 801 620 876 prosit
640 800 748 867 amicis,
770 809 871 857 noceat

83 879 200 938 nemini.
242 881 335 948 Quare
349 879 383 939 L.
399 881 485 937 Sullae
499 890 528 938 ot
541 877 578 936 G.
594 877 716 935 Oaesaris
737 879 870 954 pecunia·
930 937 933 946 Δ

83 975 145 1014 rum
158 960 299 1017 translatio
313 979 328 1016 a
339 960 423 1036 justis
441 959 563 1016 dominis
578 955 612 1014 ad
626 957 733 1015 alienos
747 975 805 1014 non
822 955 870 1014 de·

82 1036 131 1094 bet
143 1037 264 1097 liberalis
279 1038 377 1097 rideri.
419 1037 502 1096 Nihil
515 1046 559 1094 est
568 1037 644 1093 enim
656 1035 779 1103 liberale,
791 1033 869 1107 quod

84 1132 140 1174 uon
153 1116 228 1175 idem
238 1119 356 1194 justum.

46 1212 51 1265 j
123 1196 202 1253 Alter
215 1206 273 1254 erat
285 1197 364 1254 loeus
390 1194 537 1259 cautionis,
551 1211 588 1250 oe
607 1193 764 1269 benignitas
779 1193 871 1269 major

84 1284 171 1339 esset,
192 1292 276 1345 quam
304 1273 456 1330 facultates.
496 1269 590 1338 Quod,
614 1272 662 1343 qui
689 1269 891 1347 benigniores.

83 1349 182 1407 volunt
194 1369 268 1416 esse,
284 1367 368 1421 quam
383 1368 427 1407 res
442 1349 553 1425 patitur,
568 1351 692 1426 primum
712 1350 742 1406 in
756 1368 790 1406 eo
804 1367 872 1425 pec·
937 1407 938 1420 ξ

84 1437 157 1495 eant,
170 1427 245 1500 quod
259 1428 389 1503 injuriosi
402 1437 467 1485 sunt
481 1428 510 1484 iu
524 1429 687 1504 proximos:
710 1447 780 1504 quas
791 1429 870 1485 enim
937 1425 938 1442 ¹

85 1506 181 1581 copias
203 1505 248 1562 bis
269 1514 298 1562 et
317 1505 488 1582 suppeditari
503 1507 609 1578 aequius
624 1515 676 1574 est,
692 1516 720 1563 et
736 1507 869 1580 relinqui,

84 1602 132 1640 eas
153 1583 320 1642 transferunt
340 1583 374 1640 ad
395 1583 511 1642 alienos.
553 1583 630 1643 Inest
652 1595 744 1642 autem
768 1584 799 1642 in
822 1585 870 1642 tali

83 1661 245 1722 liberalitate
269 1663 405 1739 cupiditas
420 1663 585 1740 plerumqiro
606 1662 731 1740 rapiendi
752 1672 781 1719 et
794 1663 870 1721 ause·
936 1713 937 1730 p

84 1739 163 1798 rendi
178 1742 384 1819 perinjurium,
400 1752 430 1800 ut
454 1741 487 1798 ad
507 1742 681 1818 largiendum
701 1743 871 1818 suppetant*
936 1735 937 1746 ¹

85 1820 183 1896 oopiae.
223 1820 327 1878 Videre
355 1821 442 1879 etiam
462 1821 538 1888 lieet,
560 1822 709 1897 plerosque
730 1839 789 1876 non
814 1831 869 1878 tam

84 1909 181 1957 natura
194 1899 332 1969 liberales,
354 1919 439 1973 quam
459 1897 578 1971 quadam
600 1897 688 1975 gloria
707 1896 817 1965 ductos,
840 1908 871 1957 ut

84 1976 204 2035 benefici
215 1977 369 2043 videantur,
384 1979 474 2035 iacere
490 1978 584 2043 inulta,
600 1995 661 2049 quae
676 1976 820 2052 proficisci
835 1979 869 2036 ab
935 2005 936 2050 3

83 2057 269 2114 ostentatione
290 2057 389 2132 magis,
405 2075 489 2128 quarn
514 2055 690 2113 avoluritate
713 2054 870 2113 videantur.
935 2057 936 2131 ζ

84 2133 169 2215 Talis
194 2144 286 2190 autem
311 2132 453 2190 simulatio
478 2135 592 2191 vanitati
612 2143 656 2190 est
683 2133 871 2210 conjunctior,

85 2229 168 2283 quarn
184 2221 230 2267 aut
243 2211 409 2277 liberalitati,
424 2221 470 2268 aut
483 2211 631 2269 honestati.

124 2289 253 2349 Tertium
265 2299 311 2352 ,est
330 2290 516 2365 propositum,
531 2299 562 2347 ut
575 2290 610 2352 io'
624 2289 809 2355 benefic-entia
823 2289 871 2348 de·
934 2319 935 2362 3

84 2365 173 2424 lectus
188 2377 264 2424 esset
277 2367 434 2443 dignitatis:
450 2368 480 2424 in
495 2385 550 2439 quo
565 2378 593 2424 et
605 2387 698 2438 mores
713 2367 773 2444 ejus
789 2378 873 2426 erunt
934 2367 935 2401 ³

84 2443 239 2520 spectandi,
252 2445 282 2503 in
296 2464 381 2518 quern
399 2445 566 2504 beneficium
588 2445 754 2504 conferetur.
769 2455 798 2502 et
811 2448 872 2505 ani·

116 2603 130 2632 ⁴
145 2601 283 2663 Suppetunt.
300 2601 359 2648 This
370 2603 429 2648 verb
441 2601 460 2648 is
477 2601 606 2660 employed
618 2604 650 2662 by
663 2602 760 2657 Cicero,
772 2601 833 2662 only
845 2604 871 2650 in
933 2603 934 2614 ¹

87 2663 127 2709 tbe
139 2663 203 2710 tbird
221 2678 319 2722 person,
330 2665 440 2724 singular
459 2680 487 2710 or
507 2665 595 2724 plural.
630 2665 702 2710 Some
724 2665 797 2712 MSS.
811 2668 872 2712 read

83 2727 243 2788 suppeditent.
276 2727 403 2774 Lucretius
423 2728 478 2788 (lib.
491 2727 585 2786 itti.)
605 2728 716 2787 enrploys
735 2728 776 2774 tbs
797 2727 875 2786 letter

109 2791 145 2820 “b
157 2791 180 2834 in
190 2791 231 2834 tbe
243 2803 313 2836 some
324 2803 411 2836 sense:

179 2854 197 2889 ⁴¹
205 2852 321 2900 Materies
333 2860 359 2900 ut
370 2854 508 2912 suppeditet
520 2853 593 2899 rebus
604 2852 773 2912 reparandis?
