1896 3220
358 183 449 232 mut
466 183 542 232 cAP.
551 183 596 231 m.
846 183 866 238 9

78 341 168 405 genus
183 335 237 392 eet,
253 323 327 398 quod
341 327 461 402 pertinet
480 326 514 385 ad
532 325 618 384 finem
633 326 769 383 bononem
781 326 808 382 ε*
828 324 866 382 el·

76 417 179 473 terum,
196 405 273 478 quod
294 407 415 482 positum
432 416 474 464 eet
494 406 522 462 in
546 405 703 480 preceptis,
720 405 821 476 quibue
835 405 866 462 iu

78 504 179 543 ornnes
196 497 287 562 partes
310 504 377 541 usus
399 486 461 540 vitre
482 483 650 540 conformari
670 484 769 558 possit.
812 483 865 540 Su·

77 565 198 640 periuris
213 564 322 639 generis
337 563 420 639 hujus
438 563 512 620 modi
522 563 743 636 exemplasuut;
759 562 866 619 omnie-

77 660 114 698 no
135 641 229 700 officia
250 641 372 718 perfecta
391 643 467 708 eintr
489 641 626 712 numquid
648 639 771 696 officium
790 639 866 696 eliud

79 721 135 776 elio
164 723 253 797 majus
279 730 325 787 ert,
353 730 382 777 et
408 739 469 792 quae
497 730 563 777 sunt
587 720 696 794 generis
725 717 863 794 ejusdem.

79 798 206 864 Quorum
223 809 315 856 aulem
337 798 492 856 officiorum
515 809 653 874 precepta
666 797 816 863 traduntur,
832 815 866 854 ee

80 895 249 949 quamquam
264 878 404 953 pertinent
417 877 451 933 ad
466 877 551 934 finem
565 877 713 940 bonorum,
729 887 820 932 tomen
837 873 866 931 id

78 955 175 1011 minue
189 967 313 1031 apparet,
335 956 401 1027 quia
415 956 504 1029 magis
527 953 563 1010 ad
583 955 786 1011 institutionem
801 954 864 1010 vito

78 1036 239 1092 communis
254 1044 380 1110 spectare
395 1032 541 1090 videnturt
563 1031 712 1102 dequibus
727 1045 771 1088 eet
783 1031 865 1088 nobie

78 1111 125 1168 hie
140 1113 218 1170 libris
234 1112 441 1188 explicandum.
634 1171 637 1178 ,

117 1191 210 1262 Atque
233 1194 317 1248 etium
338 1191 391 1247 alia
411 1188 514 1245 divisio
534 1198 577 1244 est
598 1187 693 1245 officii.
734 1187 810 1244 Nam
838 1196 867 1243 et

77 1268 204 1328 medium
220 1269 360 1346 quoddam
374 1267 514 1328 officiuml
533 1267 643 1336 dieitur,
659 1277 688 1325 et
700 1265 865 1346 perfeetum.

366 1461 525 1510 CHthTEll
540 1460 583 1508 ΙΙΙ.

109 1593 124 1621 ⁶
137 1587 220 1639 Finem
231 1591 354 1642 bonorum.
390 1591 442 1639 Tlre
459 1593 511 1638 first
522 1589 617 1652 inquiry
631 1589 651 1636 is
668 1591 747 1637 etnted
760 1598 785 1637 to
796 1592 826 1636 be
838 1605 865 1636 ue

77 1663 103 1702 to
115 1659 157 1703 the
170 1657 273 1702 relation
286 1657 364 1702 which
377 1672 421 1701 our
433 1656 525 1702 several
538 1655 616 1700 dutiee
634 1657 693 1700 beer
710 1663 734 1700 to
751 1656 792 1701 the
804 1651 867 1718 finio

78 1717 203 1779 botrorum,
221 1720 358 1780 equivalent
371 1728 395 1766 to
412 1721 452 1766 the
464 1734 582 1766 summum
595 1719 690 1775 bonum,
703 1719 757 1763 thur
769 1717 866 1764 defined
888 1725 890 1732 ’

77 1787 110 1844 by
121 1785 209 1831 Cicero
222 1785 326 1843 himself,
340 1785 375 1830 De
388 1784 444 1833 Fin.
456 1785 498 1829 lib.
511 1784 593 1830 iii-‘⁸
604 1783 756 1842 Relinquitur
767 1791 793 1828 ut
802 1795 866 1828 eum·

78 1863 147 1896 mum
167 1850 259 1894 bouum
278 1849 317 1905 sit,
333 1849 412 1894 vivere
425 1847 552 1894 scientiam
565 1846 720 1890 adhibentem
732 1860 816 1891 eurum
829 1859 867 1892 re-

78 1926 133 1958 rum
147 1926 199 1972 quer
219 1919 306 1958 unturu
319 1912 441 1968 eveniunt,
458 1911 600 1970 seligentem
613 1922 666 1966 quee
678 1910 811 1953 secundum
824 1922 867 1954 ne·

78 1983 176 2033 turnm3
189 1983 213 2020 et
221 1975 241 2021 ei
252 1990 305 2035 quae
316 1976 390 2021 etiem
402 1983 488 2021 contre
497 1981 611 2019 naturum
623 1979 687 2030 sunt,
700 1970 866 2032 rejicientem

78 2039 104 2086 id
116 2051 163 2097 eet,
174 2039 346 2085 convenienter
357 2050 567 2099 congruenterque
580 2044 673 2082 nature
685 2035 789 2083 vivere.’'
820 2039 868 2082 Ac·

78 2104 184 2163 cording
196 2113 220 2148 to
232 2103 295 2149 their
307 2105 428 2162 tendency
440 2111 465 2148 to
475 2103 553 2148 ettuin
565 2100 613 2146 this
625 2098 715 2160 object,
727 2101 767 2145 the
777 2098 867 2147 virtues

66 2181 122 2232 ¹ere
134 2167 254 2226 severelly
266 2173 291 2212 to
303 2169 332 2213 be
341 2167 428 2213 velued
441 2167 489 2211 end
501 2165 603 2212 eluseerl.
636 2163 695 2209 This
704 2164 757 2210 first
769 2164 866 2224 portion

78 2232 108 2276 oi
115 2231 157 2277 tlte
167 2230 265 2289 inquiry
276 2245 332 2290 moy
342 2232 371 2276 be
381 2231 474 2276 termed
486 2231 526 2274 the
535 2223 678 2274 theoreticel
688 2241 695 2285 3
713 2229 754 2274 the
765 2229 865 2286 second,

78 2294 158 2340 which
170 2309 227 2353 may
236 2295 265 2339 be
274 2295 366 2340 termed
376 2295 416 2339 the
426 2293 552 2352 punctioni,
563 2291 688 2338 examines
698 2292 737 2338 the
746 2293 866 2338 influente

77 2361 108 2406 oi
119 2359 160 2403 the
178 2358 272 2419 several
286 2357 349 2404 rulee
361 2359 390 2403 of
398 2357 513 2415 morality
525 2371 556 2401 on
569 2370 613 2400 our
624 2356 763 2401 conductio
777 2357 827 2402 tite.

109 2427 120 2476 t
132 2420 242 2468 Merinum
253 2419 364 2482 officium.
396 2421 433 2480 By
445 2421 486 2466 the
498 2420 587 2476 Stoice,
598 2420 639 2464 tire
650 2418 729 2465 nrertin
738 2419 814 2481 officia
824 2431 866 2464 nre

79 2486 175 2532 claseed
196 2485 291 2530 neither
311 2500 401 2544 nmoug
419 2485 482 2530 bono
501 2497 546 2528 nor
557 2482 623 2530 mulo
631 2495 642 2537 ,·
663 2482 698 2527 De
711 2483 765 2529 Fin.
778 2484 817 2529 lib.
834 2481 867 2527 iii.

79 2551 154 2597 “Sed
167 2563 223 2595 curn
237 2550 302 2607 quod
314 2550 442 2595 honestum
454 2548 493 2606 sit,
506 2549 528 2593 id
542 2548 618 2593 solum
632 2547 720 2592 bonurn
734 2562 787 2593 esso
799 2547 867 2590 ‹lice-

78 2627 149 2670 mue;
167 2623 359 2658 consentaneum
370 2621 450 2658 tumen
464 2621 499 2657 est
512 2611 580 2669 fungi
593 2609 680 2666 officio,
689 2624 744 2654 curn
758 2609 780 2654 id
793 2607 868 2652 otlici·
885 2638 889 2651 r

77 2692 119 2724 um
133 2690 179 2723 nec
197 2677 221 2722 in
234 2677 304 2722 bonit
316 2690 434 2734 ponentur
447 2675 527 2721 necin
541 2674 628 2720 mulie:
644 2683 679 2718 est
692 2673 756 2718 enirn
774 2669 866 2726 aliquid

76 2741 105 2787 in
116 2741 155 2786 hie
168 2741 241 2786 rebus
261 2739 396 2798 probabile,
406 2748 431 2784 et
446 2739 543 2798 quidem
564 2739 598 2782 ito
615 2744 640 2781 ut
657 2735 709 2794 ejus
722 2731 784 2777 rollo
797 2730 866 2775 reddi

76 2811 168 2864 potest.
202 2803 242 2850 Ex
259 2819 308 2863 quo
325 2803 469 2862 intelligitur
491 2801 595 2847 officium
616 2799 722 2844 medium
743 2795 866 2864 quoddpm

76 2867 213 2931 mequod
229 2881 308 2928 neque
327 2867 353 2912 in
371 2867 441 2912 bonis
458 2871 563 2924 ponatur
582 2875 662 2918 neque
682 2859 707 2904 in
729 2863 866 2900 contrariis.
