1890 3224
931 69 933 176 ,

92 187 150 244 ete
377 183 424 232 un
441 179 594 232 currens.
684 213 689 234 .
925 189 933 261 p

89 343 157 384 sane
182 325 366 386 inhumanum
386 333 440 383 est
480 323 533 382 Illa
550 322 692 400 preclara,
716 322 748 381 in
774 321 882 396 quibus
930 291 933 374 i

91 404 210 480 publicae
224 404 348 462 utilitatis
368 403 479 479 specics
494 422 551 479 prae
566 404 709 460 honestate
723 403 883 460 contemni·
932 439 933 446 κ

92 493 145 541 tur.
186 482 275 540 Plena
298 482 492 558 exemplorum
514 493 558 540 est
578 490 673 538 nostra
690 499 735 537 res
756 481 881 555 publica,
930 487 933 520 ⁴

92 578 157 616 cum
176 578 251 637 saepe
277 561 370 626 alias,l
395 571 454 616 tum
478 562 600 618 maxime
618 559 692 616 bello
712 558 824 616 Punico
838 576 882 615 se·

92 637 203 702 cundo:
233 657 306 710 quae,
330 636 476 696 Cannensi
497 638 652 696 calamitate
673 647 799 711 accepta,
823 655 882 694 rna-

88 715 166 791 jores
177 717 286 776 animos
295 716 393 774 habuit
402 735 483 788 quarn
498 734 621 790 unquam
628 717 711 772 rebus
720 713 882 775 secundis.†

94 792 181 852 Nulla
208 796 316 853 umoris
344 794 523 872 significatio,
552 794 630 852 nulla
653 792 760 850 mentio
788 792 879 867 pacis.

91 871 185 958 Tama
208 874 251 931 vis
276 884 320 931 est
340 873 463 942 honesti,
481 885 513 930 ut
533 872 660 950 speciem
681 870 809 928 utilitatis
832 871 880 928 ob·

94 961 196 1009 scuret.

88 1021 320 1088 ‘Athenienses
348 1045 413 1086 cum
448 1030 598 1087 Persarum
631 1027 769 1103 impetum
802 1025 878 1084 nullo

93 1108 178 1168 modo
203 1118 320 1185 possent
349 1108 497 1174 sustinere,
521 1116 738 1177 statueremque,
760 1114 793 1162 ut
812 1105 879 1162 urbe

92 1188 197 1254 relicta,
212 1187 378 1264 conjugibus
399 1197 427 1243 et
445 1186 539 1244 liberis
560 1185 717 1256 Troezene‡
730 1181 876 1258 depositis,

92 1281 178 1322 naves
193 1264 420 1331 conscenderent,
434 1265 644 1336 libertatemque
657 1261 776 1318 Graeciae
788 1261 875 1318 classe

91 1341 292 1408 defenderent3
324 1341 472 1417 Cyrsilum
493 1341 641 1415 quemdam
662 1338 829 1396 suadentem
849 1348 877 1395 ut

92 1418 122 1474 in
143 1420 209 1475 urbe
230 1428 382 1486 manerent,
398 1419 579 1494 Xerxemque
599 1420 766 1494 reciperent,
781 1416 875 1494 lapidi·
932 1463 933 1486 ,

91 1496 143 1553 bus
172 1505 383 1570 cooperuerunt.
435 1497 521 1569 Atqui
550 1499 595 1555 ille
622 1496 771 1553 utilitatem
799 1495 875 1567 sequi
932 1489 933 1546 l

94 1573 254 1630 videbatur:
277 1573 325 1630 sed
337 1592 371 1629 ea
381 1574 457 1631 nulla
465 1587 532 1642 erat,
542 1579 712 1652 repugnante
723 1574 874 1632 honestate.

121 1649 339 1709 *Themistocles
366 1665 431 1728 post
450 1654 598 1730 victoriam
617 1653 678 1728 ejus
704 1649 783 1719 belli,
805 1649 876 1724 qued

91 1747 156 1787 eum
172 1730 268 1788 Persis
281 1730 344 1798 suit,
360 1730 431 1790 dixit
444 1732 474 1788 in
489 1732 634 1799 concione,
650 1748 681 1786 se
696 1730 801 1787 habere
816 1749 877 1787 con·

90 1911 124 2009 pp
135 1894 162 1944 in
177 1895 312 2009 ffidwdm
328 1911 413 2010 proppp
430 1895 584 2008 stemsdtheir
596 1894 677 2008 ⁸rbiglrts
688 1893 718 1941 of
728 1891 880 2006 cidtlizenship.
931 1957 932 2011 1

91 1968 547 2088 alt²l¹n.¹⁰lllld,u0⁰it¹¹nt
557 1973 744 2087 tlrlrrsstll
760 1975 881 2081 sinilil

91 2090 160 2139 video
171 2095 282 2139 constare
294 2090 357 2138 inter
368 2105 460 2149 onmes,
472 2105 521 2138 non
533 2091 605 2138 modo
616 2088 735 2145 inutilem,
746 2089 792 2135 sed
804 2089 880 2150 perni-

92 2154 183 2202 ciosam
192 2155 330 2216 reipublice
341 2154 423 2216 finisse.
456 2154 504 2203 Pro
514 2154 542 2203 C.
553 2154 672 2202 Cornelio.
683 2153 700 2200 i.
710 2159 770 2200 orat.
784 2154 808 2201 7.
820 2153 881 2202 iuter

92 2217 226 2331 Fttl'rls
241 2216 800 2347 lateranensium
839 2283 882 2330 n
930 2251 931 2258 ‘

91 2345 196 2394 inserted
216 2317 248 2410 by
260 2345 395 2406 Gernhard,
407 2349 428 2396 is
440 2348 513 2396 found
529 2347 555 2396 in
570 2347 662 2398 several
673 2346 784 2394 valuabe
801 2299 881 2404 8Ιίίῆ,
930 2361 931 2441 y

91 2410 140 2458 end
151 2425 228 2458 seerns
239 2426 369 2476 necessary
381 2418 405 2460 to
416 2413 533 2475 complete
544 2413 585 2461 the
597 2427 674 2460 sense.

124 2476 137 2527 †
157 2474 273 2538 Umqrrcm
284 2475 356 2525 rebus
363 2475 484 2524 secundis.
500 2476 554 2526 Liv.
565 2476 632 2526 xxiii
641 2473 679 2525 lt.
695 2474 760 2524 Flor.
770 2474 796 2524 ii.
809 2475 832 2525 d
844 2475 880 2524 ³1.

92 2537 172 2588 These
191 2540 352 2588 uansactious
375 2540 493 2604 certainly
514 2542 591 2590 cfford
607 2541 680 2604 precf
696 2540 726 2588 of
738 2540 781 2588 the
803 2541 881 2604 spirit,
929 2573 930 2580 η

91 2604 236 2666 unanimity,
256 2606 305 2651 and
324 2605 405 2667 policy
423 2605 453 2653 cf
467 2605 507 2652 the
524 2606 640 2655 Romans.
672 2605 729 2654 Hsd
744 2606 804 2668 they
823 2607 880 2669 theu

91 2667 163 2730 given
174 2683 229 2740 evey
240 2674 266 2715 tu
276 2667 449 2742 despondence,
460 2669 523 2716 their
534 2670 590 2718 ruin
602 2687 652 2744 περ
663 2669 799 2744 inevitable.

91 2729 506 2858 „ldttt‘ne'llmnlll
511 2732 879 2872 ddttltddiiltll

92 2853 153 2916 (apl
172 2861 303 2918 Στιφὰνον)
321 2857 377 2906 who
392 2859 457 2916 adds,
468 2859 521 2906 tlrut
537 2859 578 2908 the
589 2861 713 2909 Athenien
729 2877 828 2910 women
844 2862 880 2910 iu-
928 2907 929 2912 ,

92 2915 173 2966 flieted
184 2919 224 2968 the
235 2937 303 2970 sarus
311 2920 468 2984 punishment
473 2937 505 2969 on
516 2922 558 2972 the
569 2923 662 2973 wilsof
667 2924 785 2988 Cyrsilus.
925 2915 929 2948 ⁴
