1890 3224
335 191 398 242 Lis.
408 191 453 240 111.
471 191 542 242 CAP.
553 191 609 242 x11.
809 194 870 250 245

72 334 189 394 silentio
203 351 286 400 snum
300 352 384 407 quam
398 334 519 410 plurimo
532 333 714 394 venditurus?
745 333 850 402 Sapien

72 423 133 471 tem
144 423 173 470 et
184 413 290 470 bonurn
305 412 396 469 virum
417 414 569 490 fingimus:
592 413 626 472 de
646 413 708 490 ejus
728 410 861 471 delibera·

73 492 151 549 tione
179 501 207 550 et
223 490 435 550 consultatione
461 492 626 564 quaerimus:
656 491 704 565 qui
723 492 861 549 celaturus

74 569 207 644 Rhodios
221 587 279 628 non
294 569 340 637 sit,
355 570 381 626 si
394 569 424 628 id
437 579 516 647 turpe
532 569 658 647 judicem
680 569 731 628 sed
745 569 860 638 dubitet,
888 635 892 644 ,

73 667 110 710 an
125 659 205 724 turpe
216 667 274 708 non
288 649 333 705 sit

114 725 149 784 ln
162 725 326 803 hujusmodi
336 726 454 795 caussis,
465 725 541 786 aliud
554 725 676 804 Diogeni
685 725 862 802 Babylonio*

73 804 164 862 videri
186 804 267 872 solet,
287 823 390 894 magno
411 814 439 862 et
458 807 535 881 gravi
555 804 668 862 Stoico:
690 804 766 863 aliud
784 805 864 862 dnti-

75 882 335 971 petro,†discipulo
356 883 428 959 ejus,
443 883 553 941 bomini
573 883 744 942 acutissimo.
784 883 863 940 dnti-

75 972 167 1039 patro,
190 960 285 1018 omnia
304 959 520 1037 patefaciendas
540 970 620 1030 utne
644 959 713 1032 quid
736 961 862 1028 omnino,

77 1039 154 1112 quod
168 1039 385 1106 venditornorit,
392 1048 482 1096 emtor
494 1039 620 1116 ignoret.
641 1037 782 1127 Diogeni3
797 1056 863 1096 ven·

10 1115 11 1118 ’
76 1117 206 1186 ditorem,
235 1135 294 1189 qua
314 1127 397 1185 tenus
416 1117 480 1193 jure
508 1117 584 1174 civili
611 1116 791 1174 constitutum
816 1117 862 1182 sit,

75 1195 172 1253 *dicere
186 1197 253 1253 vitia
265 1205 405 1271 oportere,
420 1206 512 1255 cetera
524 1195 586 1252 sine
597 1193 707 1252 insidiis
722 1212 821 1271 agerer
836 1206 864 1251 et

77 1275 211 1348 quoniam
237 1273 348 1340 vendat,
377 1274 448 1332 velle
476 1292 560 1345 quem
596 1273 701 1349 optime
732 1272 862 1330 vendere.

76 1351 199 1420 Advexi,
225 1352 354 1427 exposui,
376 1351 467 1422 vendo
489 1362 583 1409 meum
597 1370 654 1409 non
667 1350 766 1426 pluris,
780 1369 864 1423 quam

75 1431 173 1497 ceteri,
201 1431 318 1488 sortasse
346 1431 429 1488 etiam
457 1431 585 1499 minoris,
613 1448 678 1488 cunr
705 1431 794 1508 major
821 1438 865 1486 est
892 1451 922 1480 ι.

77 1509 187 1585 copias
202 1528 247 1566 cur
239 1507 293 1564 'fit
306 1508 424 1584 injuria!

117 1587 254 1649 Exoritur
278 1587 416 1662 Antipatri
435 1586 505 1644 ratio
519 1605 556 1644 ex
569 1587 654 1645 altera
667 1597 762 1663 perte·
788 1584 864 1653 Quid

77 1665 140 1722 nisi
180 1664 229 1721 Tu
248 1683 315 1722 cum
343 1665 504 1723 hominibus
530 1666 681 1723 consulere
702 1665 813 1732 debeas,
837 1673 866 1720 et

77 1743 184 1801 servire
206 1743 335 1800 humanae
349 1743 485 1809 societati,
499 1760 587 1814 eaque
600 1743 662 1819 lege
676 1752 757 1800 natus
771 1743 822 1809 sis,
837 1751 866 1799 et

77 1840 113 1879 ea
126 1821 230 1879 habeas
244 1821 383 1896 principia
395 1829 509 1887 nsnrrae,
524 1820 625 1891 quibus
639 1837 746 1896 parere,
755 1823 789 1878 xet
801 1838 864 1890 qnae

77 1899 161 1972 sequi
180 1898 292 1968 debeas,
306 1908 338 1956 nt
349 1899 453 1956 utilitas
468 1908 516 1954 tua
529 1897 686 1956 communis
701 1898 738 1956 sit
750 1897 865 1962 utilitas,

76 1977 261 2049 vicissimque
288 1977 446 2035 communis
473 1976 577 2034 utilitas
602 1984 649 2033 tua
675 1975 728 2044 sit;
761 1974 864 2032 celabis

76 2056 221 2122 homines,
247 2053 313 2128 quid
337 2055 373 2112 iis
396 2054 468 2112 adsit
487 2053 690 2112 commoditatis
705 2063 734 2111 et
754 2053 865 2129 copiaei

78 2133 276 2210 Respondebit
293 2133 437 2209 Diogenes
451 2134 567 2192 sortasse
588 2133 645 2190 sic:
667 2132 752 2190 Aliud
763 2143 809 2191 est
821 2151 866 2190 ec·

110 2338 247 2404 *Diogeni
262 2337 399 2404 Babylonio.
429 2339 455 2388 A
470 2337 575 2389 Stoicos
586 2339 763 2414 distinguished
774 2345 867 2403 repute-

77 2406 139 2464 tion,
148 2407 208 2453 born
219 2411 245 2452 at
260 2405 376 2464 Seleucia,
387 2405 430 2453 bnt
438 2404 515 2452 called
524 2403 681 2468 Babylonian,
690 2421 721 2453 on
732 2411 835 2454 account
843 2403 873 2453 os

78 2471 120 2520 the
131 2468 234 2534 vicinity
242 2469 272 2517 of
282 2470 323 2518 the
334 2476 383 2518 two
394 2469 470 2518 cities.
935 2505 936 2512 ,

111 2533 199 2588 Moti
231 2541 275 2582 tro.
305 2534 368 2586 This
390 2533 584 2608 philosopharis
605 2509 783 2608 distingrrisbad
803 2549 831 2580 as
852 2548 868 2582 e

78 2600 162 2648 native
173 2615 189 2646 o
211 2598 311 2648 Tarsus.
342 2599 404 2648 Octo
415 2599 443 2646 of
454 2597 528 2646 Utica
538 2615 588 2647 was
599 2598 638 2646 his
649 2597 709 2646 disci
711 2599 755 2661 ple.

113 2662 320 2726 iPatesociencla.
358 2661 490 2720 Videnturr
506 2664 658 2712 understood

114 2727 220 2790 onajor
235 2735 271 2777 ert
288 2729 362 2792 copto.
395 2727 432 2776 Ae
450 2726 488 2774 tire
505 2727 637 2791 pumenity'
630 2743 657 2775 ιιι
676 2725 717 2774 the
734 2723 868 2773 mandetis

76 2800 187 2906 fierem.
219 2793 351 2858 Hottingcr
369 2791 505 2848 nmlatas,
520 2807 550 2840 ae
569 2791 608 2840 ιιι
624 2790 734 2855 quantity
754 2788 834 2841 which
854 2787 867 2836 1

115 2867 144 2906 ve
153 2872 178 2905 re
186 2864 291 2922 grestem

415 2997 423 3006 ἐ
455 2921 511 2977 21*
