1890 3224
85 199 143 254 306
354 195 402 244 ΒΕ
419 186 573 243 osricus.
621 245 623 248 .

87 337 218 418 [scribit]
241 355 277 396 ex
302 337 400 394 decem
427 335 623 402 nobilissimis,
643 335 693 407 qui
713 343 775 392 tum
799 343 874 392 erant

88 418 180 484 missi,
194 433 296 475 novem
320 416 510 481 revertisses
529 423 628 471 senatu
651 431 681 470 re
703 431 762 472 non
789 415 874 490 irnpe-

86 507 167 554 trsta:
194 491 350 572 uuum[e1
370 491 486 570 decem]
509 493 558 565 qui
581 491 676 567 paullo
698 503 776 568 post,
792 509 872 564 quarn

86 591 216 652 egressus
231 582 290 630 erat
299 591 316 630 e
326 573 436 638 castris,
448 571 576 636 redisset,
588 571 669 642 quasi
683 570 793 642 aliquid
803 579 874 628 esset

86 654 199 718 oblitus,
215 650 315 709 Rome
336 650 516 708 remansisse.
558 649 661 707 Reditu
672 650 759 706 enim
774 651 805 707 in
818 667 874 706 cas·

87 741 130 789 tra
139 731 287 788 liberatum
297 749 329 788 se
340 747 404 788 esee
411 729 475 805 jure
485 727 607 804 jurando
618 728 874 803 interpretabatur*

88 809 156 866 Non
176 819 269 866 recte:
295 809 369 866 fraus
392 808 469 865 enim
491 806 643 882 astringit,†
666 825 725 864 non
748 806 877 864 dissolvit
928 843 932 894 4

86 888 248 965 perjuriam.
289 886 356 945 Fuit
375 886 459 962 igitur
479 885 563 942 stulta
582 883 730 952 calliditas,
745 901 875 960 perverse
931 909 932 996 p

85 967 192 1024 imitata
213 964 398 1042 prudentiam.
438 963 535 1036 ltaque
553 961 676 1020 decrevit
697 973 825 1030 senatus,
843 972 872 1020 ut

85 1045 133 1104 ille
148 1053 283 1102 veterator
304 1054 333 1102 ct
356 1042 473 1102 callidus
498 1043 608 1100 vinctus
632 1041 668 1098 ad
682 1041 871 1100 Hannibalern

86 1124 240 1182 deseretur.

128 1201 185 1260 Sed
199 1201 268 1259 illud
281 1199 452 1259 maximum:
468 1210 533 1257 octo
547 1199 694 1256 hominurn
710 1199 791 1256 milia
805 1209 875 1256 tenc·
931 1253 932 1260 ,

86 1281 134 1338 bat
149 1279 300 1347 Hannibal,
316 1298 373 1336 non
391 1297 462 1352 quos
484 1278 513 1336 iu
534 1277 594 1334 acie
615 1275 752 1351 cepisset,
768 1287 817 1334 aut
829 1277 873 1349 qui
931 1295 932 1372 p

87 1359 212 1434 periculo
226 1359 324 1415 mortis
339 1356 527 1432 diffugissent,
538 1354 588 1411 sed
605 1355 654 1427 qui
668 1355 804 1412 relictiin
819 1373 872 1412 css·
896 1416 900 1429 ¹
931 1373 932 1438 ξ

88 1438 137 1494 tris
164 1437 283 1494 luissent
306 1455 323 1492 a
343 1435 442 1491 Paullo
467 1443 495 1490 et
516 1454 533 1489 a
548 1433 672 1490 Varrone
699 1433 869 1491 consulibus.
931 1439 932 1498 ξ

88 1513 149 1572 Eos
161 1523 274 1571 senatus
283 1530 340 1569 non
352 1512 462 1569 censuit
472 1511 662 1576 redimendos,
672 1529 739 1568 cum
750 1511 779 1568 id
792 1530 872 1590 parva
927 1523 932 1552 ⁴

86 1593 207 1668 pecunia
226 1591 288 1647 fieri
308 1600 424 1666 posset:
445 1600 477 1647 ut
498 1601 575 1649 esset
598 1590 715 1646 insitum
731 1590 873 1648 militibus
931 1601 932 1640 ἲ

86 1671 189 1730 nostris
210 1680 258 1728 aut
270 1670 393 1735 vincere,
409 1681 456 1726 aut
480 1669 580 1726 emori.
622 1667 685 1733 Qua
711 1668 826 1740 quidem
846 1687 875 1726 re

87 1747 189 1818 audita,
205 1749 319 1817 fractum
344 1749 468 1805 animum
491 1746 658 1805 Hannibalis
679 1747 777 1804 scribit
791 1747 875 1813 idem,
931 1805 932 1824 ff

86 1827 162 1902 quod
174 1839 286 1886 senatus
301 1827 477 1904 populusque
489 1826 645 1891 Romanus
657 1826 741 1883 rebus
754 1825 877 1894 afflictis,
931 1829 932 1882 i

86 1984 200 2098 ppmoved
206 1975 273 2033 'from
287 1985 320 2032 its
331 1998 416 2046 proper
433 1982 545 2046 position,
562 1981 648 2031 should
659 1981 763 2056 perhaps
775 1982 879 2046 precede

115 2064 129 2097 e
156 2056 244 2100 renent

119 2065 365 2178 *plnterpretabutun
403 2112 458 2161 The
484 2111 633 2170 authorities,
655 2129 683 2162 as
702 2109 766 2176 Livy
785 2111 882 2171 relatas,
925 2125 932 2176 t

86 2177 176 2242 widely
187 2178 258 2227 differ
269 2195 296 2226 cs
308 2185 333 2226 to
346 2179 414 2226 thffle
430 2185 471 2226 teu
487 2177 607 2239 captives:
625 2176 757 2241 according
768 2184 793 2226 to
805 2193 882 2236 some,

86 2249 129 2290 not
140 2258 186 2291 one
194 2243 390 2304 retrunedr—de
406 2241 437 2290 iis
448 2242 563 2290 dedendis
578 2257 669 2306 magns
685 2242 844 2291 contentione
856 2243 881 2290 iu

86 2313 173 2356 senatu
184 2323 250 2365 csse;
267 2307 396 2370 victosque,
408 2306 538 2370 paucisque
555 2307 691 2368 sententiis,
702 2307 743 2368 qui
757 2306 882 2365 dedendos

86 2371 352 2448 censuerint-Mirari
371 2373 452 2448 pingis
468 2372 528 2420 adeo
539 2372 675 2448 discrepare
687 2371 750 2420 inter
762 2379 884 2429 suctores,

85 2437 291 2568 quffiidsigid
303 2435 718 2566 ”ltlttttffilffiltils
741 2501 768 2550 n
791 2501 883 2558 onos,

85 2565 217 2630 distringit
229 2568 276 2615 and
288 2566 430 2630 adstringit.
447 2566 501 2614 The
513 2566 630 2631 meaning
641 2567 662 2614 ir
674 2565 823 2630 sufficiently
833 2567 882 2615 evi-

85 2630 150 2688 dent,
168 2631 221 2678 that
237 2630 266 2694 by
280 2627 368 2692 fraud,
383 2631 457 2692 μήτι
498 2634 521 2680 ie
532 2638 573 2680 ποῖ
585 2630 686 2698 eoaded,
699 2629 742 2678 but
759 2629 895 2696 residered·

85 2707 149 2740 more
165 2694 287 2742 seminat,
321 2691 419 2740 Ernesti
431 2693 547 2753 incudes,
564 2695 652 2744 within
666 2695 788 2752 brackets,
796 2697 882 2758 perju-

84 2755 150 2800 rium
154 2773 164 2812 ;
176 2756 257 2806 which
269 2759 299 2804 he
308 2757 390 2803 deerns
397 2773 413 2802 a
421 2756 487 2820 gloss
494 2758 556 2807 from
565 2759 606 2806 the
613 2759 724 2824 margin,
736 2760 784 2807 end
794 2759 881 2807 thinks

83 2813 125 2862 the
140 2817 224 2878 ellipse
236 2817 424 2882 jusjurandum.
457 2819 480 2868 J.
492 2821 528 2870 M.
545 2823 694 2888 Heusinger,
712 2823 808 2881 indeed,
829 2840 881 2871 sus·

85 2885 152 2935 pects
163 2879 204 2928 the
215 2884 294 2931 whole
303 2898 403 2945 passage
415 2883 477 2931 from
489 2897 537 2932 non
547 2893 610 2933 recte
622 2893 647 2935 to
654 2888 805 2951 murium.
920 2905 928 2923 ·
