1896 3220
360 193 426 244 irc.
437 195 456 242 1.
475 193 551 244 cnr.
565 195 597 244 x.
828 199 864 257 ῃ
894 164 901 170 ’

76 336 153 394 effici
168 337 205 393 sit
219 335 333 394 inutile*
348 339 392 394 vel
406 339 443 405 ei,
457 338 503 394 cui
523 335 695 415 promissum
708 337 755 407 sit,
769 339 865 410 nelei,

77 416 127 487 qui
142 415 313 490 promiserit.
354 416 430 472 Nam
450 417 485 482 si,
499 425 530 473 ut
549 417 579 474 in
592 415 707 480 fabulist
719 427 772 485 est,
788 419 866 496 Nep·

40 513 43 520 ’
78 507 174 560 tunna,
208 493 283 565 quod
310 493 428 551 Theseo
456 495 631 570 promiserat,
656 513 714 554 non
741 495 864 565 lecisset.

79 573 213 629 Theseus
230 572 390 647 Hippolyto
403 572 462 630 tilio
476 591 533 629 non
558 583 634 630 esset
656 573 777 633 orbans.
818 575 866 634 Ex

80 651 167 708 tribus
183 651 259 707 enim
273 651 385 725 optatis,
400 661 431 706 ut
450 651 589 718 scribitur,
604 651 659 708 hoc
672 662 730 710 erat
742 653 865 721 tertium,

78 728 156 800 quod
168 728 204 786 de
216 728 369 804 Hippolyti
383 729 494 786 interitu
508 729 593 784 iratus
605 731 725 806 optarim
748 749 804 803 quo
815 732 866 790 im·

78 817 197 882 perroto,
212 807 241 862 in
256 806 396 863 maximos
404 806 495 864 luctus
510 806 616 864 incidit.
652 808 716 865 Neo
727 810 867 885 promissa

77 885 165 960 igitur
177 884 313 941 servanda
327 895 447 950 semea,
462 903 524 956 quae
539 888 619 956 suntss
632 885 678 953 iis,
689 887 789 957 quibus
803 905 867 963 pro·

78 963 202 1028 miseris,
218 963 343 1019 inutilia:
366 979 419 1019 nee
439 963 464 1017 si
484 962 547 1037 plus
568 962 618 1018 tibi
641 974 768 1030 noceant,
783 983 868 1038 quam

78 1041 120 1098 illi
141 1042 252 1116 prosint
272 1042 318 1098 cui
345 1039 519 1116 promiseris,
547 1049 644 1096 eontra
669 1040 794 1099 officium
813 1051 867 1111 est,

78 1119 172 1195 majus
187 1119 319 1193 anteponi
339 1117 454 1176 minori.
496 1117 546 1183 Ut,
561 1117 587 1172 si
607 1117 794 1186 constitueris,
810 1121 868 1177 cui·

78 1198 157 1273 piam
171 1207 198 1254 tc
214 1197 378 1254 advocatum
389 1197 417 1254 in
433 1213 493 1252 rem
507 1204 674 1270 praesentem
688 1213 752 1253 esse
771 1206 868 1254 ventu·

78 1294 152 1341 rum,
165 1285 247 1347 atque
261 1276 373 1332 interim
387 1275 506 1350 graviter
517 1283 648 1349 egrotare
656 1274 731 1331 filius
742 1275 867 1351 coeperit,

79 1372 137 1412 non
152 1354 191 1410 sit
203 1363 299 1428 contra
318 1352 443 1411 officium
457 1371 514 1409 nou
529 1352 629 1420 facere,
646 1352 722 1425 quod
742 1352 867 1424 dixeris;

78 1432 226 1508 magisque
240 1431 298 1499 ille,
313 1432 361 1488 cui
374 1431 545 1507 promissum
560 1431 606 1498 sit,
622 1432 656 1488 ab
671 1431 765 1490 officio
778 1432 869 1490 disce·

79 1510 136 1579 dat,
152 1511 178 1567 si
189 1528 221 1567 se
235 1509 396 1567 destitutum
411 1510 565 1582 quererent
604 1507 736 1568 Jamillia
750 1510 869 1587 promie-

79 1667 198 1730 althongh
219 1667 287 1713 these
308 1660 351 1713 ere
363 1663 531 1711 fundamental
543 1663 616 1723 eules,
637 1670 680 1724 yet
691 1665 807 1724 ›peculiar
822 1663 869 1713 cir·

79 1740 236 1778 eumstanece
248 1745 304 1790 may
314 1731 386 1788 matre
399 1729 418 1774 lt
430 1725 518 1774 ma'tter
529 1728 560 1774 ot
564 1727 753 1789 consideration,
761 1730 871 1778 whether

79 1795 151 1841 these
168 1796 233 1840 retes
243 1803 305 1840 must
318 1801 361 1839 not
378 1792 433 1852 give
444 1805 509 1848 way.
928 1835 932 1843 ,

113 1860 126 1886 ·
145 1858 243 1906 Inutile.
260 1858 319 1904 This
343 1855 465 1917 adjective
482 1855 502 1899 is
522 1853 652 1913 employed
668 1854 702 1912 by
714 1853 801 1902 Cicero
821 1854 872 1902 and

80 1924 173 1981 others,
188 1929 229 1968 not
240 1921 263 1966 in
274 1923 314 1967 tlre
326 1934 397 1967 sense
409 1921 438 1965 ot
446 1915 614 1980 unprofitedlc‚
625 1918 704 1962 bertot
711 1915 872 1978 minationem,

80 1985 193 2034 noxiores.
215 1985 267 2031 The
277 1983 470 2043 corresponding
482 1981 610 2043 adjective,
621 1977 720 2046 ὀχριῖος,
731 1995 836 2040 appears
844 1989 872 2028 to

81 2051 146 2096 have
159 2049 270 2095 received
282 2049 306 2094 in
319 2049 401 2094 Greek
413 2062 428 2093 a
445 2045 538 2091 similar
555 2043 684 2091 deflection
696 2046 726 2092 ot
741 2044 869 2104 meaning:

81 2129 125 2160 aee
150 2113 258 2174 Hcyne’s
280 2112 382 2170 Homer,
400 2109 430 2157 ll.
450 2124 475 2156 a.
495 2111 551 2157 269.
595 2109 720 2174 ’Anytece
738 2108 762 2156 d'
776 2105 872 2176 ἂχςιὶον

81 2179 144 2238 ιδὼν,
156 2176 306 2242 ἀπιμόςξωτο
315 2175 396 2239 ddepv.

115 2245 169 2298 tln
186 2241 290 2305 solutis.
307 2242 335 2287 ln
350 2237 491 2300 tragedies3
514 2237 632 2300 alluding,
654 2239 772 2298 perhaps,
789 2243 815 2285 to
831 2240 873 2287 the

81 2306 235 2365 Hippolytus
248 2307 276 2350 ot
293 2304 431 2363 Euripides.
467 2297 594 2350 Eicidlar
613 2299 684 2369 ιύχα)
703 2301 796 2354 eucine
807 2301 873 2369 reple,

81 2370 226 2430 niceten,
240 2367 313 2436 regaie,
331 2372 433 2448 πςῶτον,
458 2365 559 2416 destitit
575 2368 603 2431 ὶξ
621 2371 686 2429 Hau,
707 2367 823 2432 drderpor,
846 2369 873 2418 ta

83 2433 240 2500 λαβυρίνθου,
254 2432 345 2499 τρίτον,
367 2431 511 2482 Incendere
530 2433 639 2486 θάνατος.
673 2434 753 2482 Schol.
767 2434 799 2480 ad
811 2433 863 2494 Hip

98 2503 132 2549 ol.
145 2516 167 2546 v.
184 2501 254 2548 1349.
402 2507 403 2514 ¹

80 2517 96 2562 Ρ
113 2568 125 2624 t
140 2566 212 2612 susc.
229 2564 257 2609 ln
272 2563 320 2610 this
332 2563 444 2623 reading,
455 2561 497 2608 the
508 2569 616 2608 extracta
628 2561 658 2607 ot
665 2559 741 2618 Bcde,
750 2557 798 2605 nod
808 2571 876 2605 aeve-

63 2683 65 2688 ,
80 2629 121 2676 ral
131 2627 208 2676 MSS.
220 2641 328 2684 concur;
345 2625 470 2690 generally
483 2624 539 2684 sint,
552 2624 629 2672 which
642 2623 745 2681 reading
756 2621 796 2664 the
808 2619 875 2665 Heo-

80 2693 180 2753 aiogeri
190 2691 274 2750 adopt.
308 2691 356 2736 But
367 2690 391 2736 in
405 2705 419 2734 n
428 2689 532 2748 parallel
541 2701 655 2748 passage,
664 2686 708 2732 lll.
715 2685 755 2728 25.
762 2693 814 2752 quq
826 2693 876 2728 non

36 2795 40 2799 .
81 2753 183 2803 nuntiis
194 2753 252 2817 ipris
263 2753 344 2813 utilio,
357 2753 441 2816 quitus
452 2749 500 2799 itta
508 2749 646 2814 promoeriu
652 2763 663 2804 ;
678 2761 711 2792 ao
722 2744 838 2801 ‹tivernty
849 2742 880 2788 ot

82 2819 190 2878 reading
207 2831 321 2878 appears.
825 2864 831 2876 ·

113 2881 129 2946 §
149 2881 296 2929 omentum
307 2883 430 2943 comatur,
448 2877 508 2925 rm·
520 2877 542 2922 is
554 2888 614 2935 very
625 2872 734 2928 elippcry
745 2863 875 2910 mallit:
