1896 3220
95 185 115 245 4
228 225 232 230 -
379 185 427 237 na
444 181 597 237 orrrons.
688 237 692 248 ,

97 328 173 393 enirn
187 329 326 409 impedio)
340 329 494 389 orationem
508 341 600 388 autem
614 329 747 388 Latinam-
756 325 885 406 profecto

97 409 222 489 legendis
237 404 340 469 nostiis
357 409 462 468 efficies
477 411 639 486 pleniorem.
682 410 745 466 Neo
759 427 825 466 vero
842 429 885 467 ar⁴
936 430 937 478 f

97 503 225 567 rogantes
239 491 292 546 hoc
307 489 411 546 dictum
425 490 579 546 existimari
594 489 688 545 velim.
729 488 758 545 N
761 507 804 545 arn
821 473 885 562 phi·

97 565 264 644 losophandi
279 570 424 625 seientiam
445 568 601 625 concedens
623 568 728 633 multis,
750 566 826 638 qnod
841 578 885 624 est

96 649 213 704 oratoris
229 649 382 723 proprium,
400 657 474 724 apte,
497 647 636 713 distincte,
651 649 762 703 ornate*
778 646 883 713 dicere,

98 727 230 800 qnoniam
245 727 274 782 in
288 744 323 782 eo
337 725 429 784 studio
448 737 555 781 aetatern
577 727 731 792 consumsi,
749 724 774 779 si
790 723 818 779 id
834 725 885 780 nri·
937 722 938 748 ³

95 800 128 940 pl
143 819 266 872 assumo,
281 803 377 860 videor
391 804 419 861 id
432 823 495 861 meo
506 804 569 880 jure
584 803 703 875 quodam
724 801 809 859 modo
825 803 885 860 vin·

115 895 197 940 reare.
806 937 808 943 ,

7 1025 8 1030 .
137 955 229 1029 Quam
244 958 279 1020 ob
294 975 352 1019 rem
367 977 469 1038 magno
483 975 568 1037 opere
583 973 608 1017 te
623 959 727 1026 hortor,
743 959 783 1016 mi
801 958 886 1017 Cice·

97 1051 139 1108 ro,
154 1049 185 1098 ut
211 1054 267 1098 non
282 1040 374 1098 solum
394 1041 533 1099 orationes
557 1055 644 1104 meae,
666 1037 717 1094 sed
732 1039 783 1095 hos
798 1040 884 1096 etiarn

97 1111 132 1176 de
147 1115 328 1197 philosophia
341 1119 438 1185 libros,
451 1119 501 1189 qui
511 1119 570 1192 jam
586 1117 641 1173 illis
657 1116 713 1172 sere
728 1127 883 1187 aequerunt,

97 1197 222 1254 studiose
236 1199 323 1272 legas.
363 1196 416 1254 Vis
437 1197 513 1252 enirn
527 1195 638 1250 dicendi
653 1195 742 1270 major
756 1193 843 1272 [est]¹
854 1197 886 1254 in

98 1271 165 1342 illis,
189 1275 238 1332 sed
258 1273 313 1330 hoc
337 1289 448 1345 quoque
471 1271 619 1330 colendum
643 1285 686 1330 est
707 1275 841 1346 aequnbile
857 1287 886 1334 et

98 1363 283 1426 temperatum
306 1351 439 1409 orationis
462 1369 561 1428 genus.
599 1351 639 1408 Et
652 1352 680 1409 id
701 1352 814 1424 quidem
836 1373 886 1412 ne·

99 1428 169 1490 mini
184 1431 266 1490 video
287 1427 450 1490 (lraeoorum
471 1428 561 1488 adhuc
583 1431 746 1506 contigisse,
761 1442 792 1488 nt
805 1431 885 1490 idem
939 1451 940 1472 ι

99 1521 216 1580 utroque
228 1505 256 1566 in
269 1525 370 1584 genere
380 1509 541 1574 elaboraret,
551 1521 768 1580 sequereturque
778 1521 805 1566 et
816 1511 886 1569 illud

98 1586 209 1645 forense
221 1585 342 1651 dicendi,
355 1596 382 1643 et
393 1585 447 1644 hoe
460 1587 585 1658 quietum
600 1588 760 1664 disputandi
773 1609 884 1666 genus:

99 1663 155 1728 nisi
178 1661 247 1723 forte
268 1665 444 1727 Demetrius†
464 1659 618 1724 Phalereus
639 1667 669 1722 in
691 1666 745 1723 hoo
765 1685 887 1727 numero
940 1717 941 1734 ,

98 1743 195 1802 haberi
208 1753 311 1821 potest,
326 1744 480 1820 disputator
491 1746 611 1812 subtilis,
619 1755 719 1802 orator
729 1764 827 1820 parurn
839 1766 887 1804 ve·
940 1775 941 1778 ¹

97 1820 215 1883 demens
222 1841 231 1896 3
253 1822 343 1884 dulcis
365 1832 459 1882 tamen
480 1834 511 1883 ut
532 1823 739 1902 'l'heophrasti‡
760 1823 886 1904 discipu·

96 1975 185 2029 Cicero
199 1976 302 2029 himself
308 1978 338 2028 os
350 1981 391 2028 the
404 1979 543 2028 Academia.
575 1980 708 2042 Agreelng,
721 1994 747 2028 ss
760 1982 818 2028 both
832 1983 885 2044 did,

97 2042 123 2092 in
132 2047 237 2105 besr'ing
248 2053 343 2104 respect
355 2053 380 2091 to
392 2044 507 2090 Socrates
517 2045 565 2090 und
573 2053 598 2090 to
608 2044 687 2102 Plato,
699 2045 740 2092 the
752 2045 886 2096 difference

96 2109 205 2156 between
218 2109 283 2156 them
295 2115 394 2166 cannot,
406 2108 436 2152 he
448 2123 513 2167 says,
525 2109 555 2154 be
570 2109 747 2156 considerable.

130 2174 143 2201 ⁶
165 2173 261 2220 Omale.
278 2171 306 2216 In
323 2171 391 2217 three
407 2173 495 2230 words,
513 2173 554 2218 the
572 2171 698 2230 requisites
719 2175 757 2219 sor
774 2174 816 2221 the
836 2177 885 2222 due

95 2235 302 2282 communicetion
318 2236 348 2280 os
363 2247 409 2281 our
420 2235 487 2281 idess
500 2249 541 2283 ure
558 2238 716 2283 enuniernted
734 2239 783 2284 and
796 2238 886 2296 placed

97 2300 123 2350 in
135 2300 198 2345 their
210 2301 290 2347 order.
322 2296 374 2344 The
385 2299 508 2358 laugusge
519 2300 543 2346 in
556 2297 634 2345 which
646 2301 703 2360 they
716 2316 759 2348 ure
770 2317 886 2361 express·

97 2361 128 2410 ed
138 2361 222 2409 should
233 2361 262 2408 be
273 2361 432 2426 appropriate,
443 2362 515 2419 clear,
528 2363 631 2428 elegunt.

131 2426 298 2481 issemetriur.
333 2427 395 2472 Born
416 2435 442 2472 at
462 2425 594 2487 Phaleron,
611 2441 657 2472 one
674 2430 704 2473 of
718 2429 759 2474 the
777 2443 847 2488 ports
860 2434 891 2479 os

97 2489 198 2539 Athens.
231 2489 327 2550 During
339 2491 379 2536 the
391 2491 459 2552 reign
469 2493 499 2536 os
507 2491 646 2540 Cussnnder
656 2490 679 2536 in
692 2491 824 2553 Macedon,
834 2498 884 2543 and

98 2559 175 2602 under
193 2553 232 2601 bis
250 2553 371 2603 influence
389 2554 527 2601 Demetrius
545 2571 594 2607 was
613 2555 682 2600 enies
698 2558 843 2616 magisrrste
861 2561 886 2606 in

98 2617 208 2674 Athens;
224 2617 298 2676 being
309 2618 451 2666 afterwards
462 2620 590 2679 bunished,
599 2620 628 2664 he
638 2619 693 2664 died
707 2619 730 2663 in
746 2621 836 2679 Egypt.

130 2684 141 2739 ξ
162 2678 321 2742 Theophrasti.
341 2683 359 2725 Α
372 2683 452 2728 native
463 2683 493 2728 os
503 2683 593 2730 Lesbos
606 2683 654 2728 and
666 2682 767 2740 disciple
779 2686 809 2729 os
819 2688 887 2734 Aris.

97 2747 165 2802 totle,
177 2745 255 2790 whom
268 2744 298 2790 he
310 2746 444 2792 succeeded
456 2761 483 2792 os
495 2747 625 2794 instructor
636 2745 665 2790 of
681 2747 722 2790 the
735 2747 887 2806 Peripatetio

97 2805 187 2855 school.
220 2803 315 2868 During
327 2821 342 2852 a
358 2807 417 2869 long
427 2810 477 2869 lise,
489 2811 520 2857 he
530 2813 632 2857 became
649 2822 664 2853 ιι
676 2809 829 2858 voluminous
844 2830 888 2861 uir.

96 2873 166 2917 thor:
184 2871 272 2915 botos
288 2871 324 2916 his
337 2873 424 2932 nothe,
441 2875 599 2920 enumersted
617 2875 649 2932 by
661 2871 736 2932 Diog.
754 2873 840 2922 Laert.
855 2879 886 2925 V.

145 2932 182 2980 'ris
194 2929 266 2986 idrsri
275 2934 434 3004 xupsmipre,
444 2939 493 2984 ond
506 2937 544 2984 his
552 2936 652 2983 rrestise
664 2931 714 2998 [spi
726 2939 807 2998 φυτῶν
821 2941 886 2990 haee
