1882 3216
291 213 351 260 LIB.
365 213 381 262 I.
400 212 473 262 CAP.
483 211 595 261 xxvlrr.
799 217 838 274 87

51 351 158 421 vivitur,
174 353 284 424 ordine,
299 365 326 413 et
339 357 504 424 constantio,
519 367 547 415 et
570 355 760 415 moderatione
780 357 838 416 ‹lie-

52 441 140 488 torum
155 436 282 493 omnium
298 445 380 507 atque
394 435 540 492 sactorum.

86 510 530 589 Adhibendaestigiturquaedam
539 513 836 573 reverentieadversus

50 585 188 657 homines,
218 603 246 651 et
276 595 376 669 optimi
405 594 570 670 cujusque*
597 604 625 650 ct
656 593 836 665 reliquorum.

51 667 125 725 Nam
146 671 298 747 negligere,
317 670 383 744 quid
405 671 439 728 de
461 690 492 727 se
513 671 632 745 quisque
654 674 763 740 sentiet,
779 691 837 731 non

50 747 140 804 solum
162 751 313 826 arrogantis
335 761 387 814 est,
403 749 452 807 sed
467 752 551 808 etiam
566 752 682 808 omnino
697 751 837 808 dissoluti.

51 824 105 883 Est
131 837 222 892 autem
251 829 326 901 quod
355 828 474 896 differat,
500 829 528 886 in
557 829 706 886 hominum
730 830 837 887 ratione

51 903 185 974 habenda,
197 907 269 965 inter
278 908 416 984 justitiam
429 916 457 964 et
467 906 673 965 verecundiam.
714 906 837 965 Iustitiae

51 995 140 1058 partes
166 997 241 1052 sunt,
262 1005 319 1044 non
347 986 452 1043 violare
478 985 629 1052 homines3
662 987 836 1042 verecundie

51 1079 104 1118 non
130 1063 282 1133 offendere,
308 1066 338 1122 in
363 1083 420 1137 quo
447 1063 571 1120 maxime
600 1065 768 1139 perspicitur
792 1067 837 1120 ris

51 1138 151 1198 decori.
192 1142 248 1200 His
271 1144 355 1220 igitur
377 1142 515 1218 expositis
540 1142 621 1213 quale
643 1143 681 1200 sit
702 1140 837 1215 id,‚quod

51 1217 145 1277 decere
160 1219 290 1290 dicimus,
307 1223 478 1280 intellectum
494 1231 571 1296 puto.

86 1297 220 1357 Officium
256 1312 358 1368 eutem,
388 1299 462 1373 quod
490 1301 525 1356 ab
552 1317 587 1356 eo
616 1297 735 1367 ducitur,
763 1297 838 1357 hanc

50 1377 168 1452 primum
191 1379 275 1436 habet
293 1379 393 1447 viam,†
406 1399 468 1452 quae
482 1377 604 1446 deducit,
620 1378 654 1436 ad
669 1380 838 1436 convenien-

50 1456 111 1513 tiam
121 1458 545 1530 conservationemquenaturae:
562 1477 644 1530 quam
654 1459 838 1530 sisequemur
873 1507 882 1518 s

51 1531 158 1601 ducem,
174 1555 327 1609 numquam
354 1538 553 1604 aberrabimus,
574 1553 836 1610 consequemurque

53 1625 76 1670 et
89 1614 127 1680 id,
143 1615 218 1690 quod
233 1628 345 1672 acutum
359 1627 387 1672 et
401 1617 549 1691 perspicax
563 1630 660 1674 natura
673 1627 733 1674 est:
755 1627 783 1672 ct
798 1615 836 1683 id,

52 1693 122 1764 quod
132 1693 166 1750 ad
178 1694 322 1752 hominum
332 1695 569 1752 consociationem
578 1692 836 1762 accommodatum

51 1783 76 1827 et
89 1771 127 1839 id,
144 1771 220 1844 quod
241 1774 394 1830 vehemens
415 1783 497 1845 atque
519 1772 598 1830 sorte.
638 1772 695 1829 Sed
714 1773 838 1830 maxima

51 1845 90 1906 ‘ris
105 1850 201 1909 decori
216 1851 245 1908 in
260 1853 311 1908 hac
326 1853 401 1909 inest
415 1863 502 1927 parte,
517 1850 551 1907 de
567 1870 621 1923 qua
635 1850 838 1926 disputamusss
890 1844 900 1852 ’

52 1925 151 2002 Neque
166 1930 242 1987 enirn
257 1931 350 1988 solum
365 1930 503 2006 corporis,
518 1930 565 2001 qui
581 1929 614 1986 ad
630 1939 755 1986 naturam
779 1929 837 2004 apti

52 2021 122 2076 sunt,
144 2007 196 2066 sed
224 2009 312 2068 multo
333 2010 416 2067 ctiam
438 2011 528 2085 magis
551 2007 636 2074 animi
658 2019 750 2064 motus
774 2025 836 2082 pro·

51 2083 141 2154 bandi,
157 2087 207 2159 qui
222 2087 289 2146 item
304 2088 357 2146 and
373 2097 497 2146 naturam
514 2086 715 2144 accommodati
729 2097 804 2143 sunt.

85 2163 204 2243 Duplex
223 2178 267 2224 est
286 2169 363 2226 enim
376 2168 420 2225 vis
441 2167 599 2226 animorum
619 2177 701 2239 atquc
721 2174 836 2223 nature:

78 2354 93 2386 ³
109 2352 205 2418 Optimi
215 2353 339 2417 cujuepce.
372 2358 387 2384 ‘⁸
395 2351 508 2402 Primum
516 2367 575 2417 erga
583 2352 702 2416 optimum
710 2367 837 2418 quemque,

50 2419 98 2465 tum
109 2420 195 2468 ordine
206 2434 232 2466 er
250 2436 265 2467 e
276 2419 403 2481 reliquos.”
436 2417 576 2466 Fecciclnti.

77 2481 186 2533 le'am.
244 2483 318 2532 mesti
326 2484 504 2548 &imprimam
513 2481 659 2531 ladetoicm.
686 2481 838 2541 Vim‚which

51 2541 71 2592 J.
81 2545 108 2595 F.
119 2548 263 2613 Heusinger
274 2550 366 2610 adopts,
377 2549 434 2597 does
450 2551 494 2597 iret
510 2563 598 2611 appear
614 2555 639 2596 to
654 2548 715 2596 heve
731 2549 771 2596 the
783 2563 837 2608 sup·

51 2619 99 2672 port
114 2613 145 2662 of
161 2631 177 2663 e
194 2614 272 2678 single
290 2613 343 2662 MS.
359 2614 407 2662 und
423 2614 453 2661 of
467 2615 510 2662 but
527 2620 576 2662 two
593 2613 724 2676 preceding
741 2613 837 2660 editors.

51 2673 121 2726 From
131 2679 175 2728 the
186 2681 257 2728 verbs
269 2679 406 2744 employed;
423 2677 528 2736 deducit,
540 2679 588 2726 end
603 2676 767 2726 oberrabimus
774 2692 783 2731 ,·
799 2691 838 2722 we
909 2715 912 2720 .

52 2754 104 2806 moy
115 2745 195 2809 sefely
207 2745 317 2793 consider
328 2745 392 2792 viam
404 2759 431 2817 es
442 2743 483 2790 the
495 2743 626 2804 preferable
638 2741 746 2814 readIng.

52 2807 387 2940 &wsswllugnutp
386 2825 412 2920 ὦ
413 2823 455 2935 Ριὲιῐ
456 2806 516 2920 :grece
517 2904 523 2921 ·
530 2808 624 2871 subject
641 2803 722 2854 which
739 2816 776 2848 we
796 2814 838 2854 axo
