1882 3216
67 209 105 263 80
353 202 401 250 DE
419 199 570 249 orrlcns.
588 211 592 221 ·
924 199 928 224 ”

72 425 160 484 ΟΑΡ.
178 423 287 482 XXVI.
309 420 488 481 Modestiam
509 427 536 479 et
556 420 652 480 animi
674 420 856 498 aeqtmbilt‘to·
928 427 929 456 ³

108 511 165 561 tent
177 521 250 560 virts
256 500 440 593 principebus
450 517 619 559 conventre
635 519 668 558 tn
678 501 854 561 secundaret

108 581 167 640 mis
181 581 265 639 rebus
280 578 399 639 oonsilio
413 580 575 638 amicorum
588 578 730 638 utendum
744 598 816 640 erae.

108 739 211 802 Arous
226 739 310 795 etiam
324 737 354 793 in
374 737 457 793 rebus
478 737 621 810 prosperis
639 744 667 793 et
680 734 715 792 ad
729 736 854 794 volunta·

71 826 126 874 tem
140 828 265 874 nostram
279 815 428 873 liuentibus
442 813 612 889 superbiam,
627 813 770 871 fastidium
783 834 856 873 arro-

70 894 246 970 gantiamque
273 913 375 970 magno
402 895 505 968 opere*
528 891 678 967 fugiamus.
721 893 799 950 Nam
825 903 858 952 ut

70 972 199 1030 adversas
214 992 269 1040 res,
285 973 326 1029 sic
347 970 483 1028 secundas
498 969 680 1026 immoderate
700 971 773 1028 serre
788 972 857 1029 leri·

70 1052 132 1109 tatis
158 1063 220 1110 est·
250 1052 435 1128 preclaraque
460 1057 502 1106 est
526 1047 729 1119 aequabssitas
721 1068 752 1106 ιιι
776 1051 855 1108 omni

38 1158 41 1169 ι
69 1131 135 1198 vita,
150 1141 179 1189 et
192 1131 266 1188 idem
281 1148 393 1205 semper
405 1129 497 1185 uultus
512 1125 668 1216 eademque.
674 1127 763 1196 srons,
777 1137 810 1185 ut
819 1127 855 1186 de
930 1150 931 1242 ι

70 1209 218 1271 Socratel'
211 1221 333 1280 rtemque
351 1205 437 1263 dec.
452 1206 555 1278 Laelioss
575 1205 745 1280 accepimus.
787 1207 856 1265 Phi·

69 1286 179 1362 lippum
193 1285 306 1357 quidem
319 1283 507 1342 Macedonum
518 1301 623 1359 regem,
633 1285 716 1341 rebus
727 1286 815 1361 gestis
827 1295 857 1343 et
930 1283 931 1286 ’

70 1364 158 1438 gloria
182 1373 342 1450 superatum
363 1362 461 1427 stilic,
476 1361 606 1418 facilitate
630 1371 659 1419 et
682 1363 854 1422 humanitate

70 1439 153 1498 video
184 1440 357 1514 superiorem
384 1439 482 1496 suisne
523 1438 619 1511 Itaque
644 1441 711 1498 alter
740 1461 855 1518 semper

70 1535 197 1593 magnus
220 1518 287 1573 alter
308 1535 382 1607 saepe
404 1517 596 1592 turpissimus:
618 1527 650 1574 ut
668 1529 742 1577 recte
757 1521 856 1612 praeci·

69 1614 135 1671 pere
160 1595 313 1662 videantur,
336 1596 383 1668 qui
405 1605 530 1663 monent,
555 1605 595 1662 ut,
618 1611 720 1668 quanto
746 1601 855 1675 superi·

70 1692 133 1732 ores
148 1691 255 1739 sumus,
272 1683 345 1731 tanto
359 1693 411 1731 nos
426 1693 555 1750 geramus
579 1676 758 1734 submissius
800 1679 855 1736 Pa·
931 1739 932 1752 ¹

70 1752 168 1808 naetius
191 1752 313 1824 quidem,
328 1753 500 1818 Africanum,
521 1751 674 1810 auditorem
696 1767 724 1812 et
736 1755 853 1813 samrha·
931 1753 932 1782 l

69 1847 129 1887 rem
153 1849 246 1898 suurn,
261 1829 374 1889 solitum
399 1832 437 1888 ait
457 1830 560 1897 dicere,
574 1841 605 1887 ut
626 1849 723 1902 equos,
739 1847 854 1910 propter

69 1911 178 1966 crebras
203 1912 395 1971 contentiones
422 1910 579 1985 praeliorum
595 1909 734 1968 ferocitate
759 1913 854 1970 exsul

69 1997 168 2055 tentes,
183 1987 366 2046 domitoribus
386 1988 493 2045 tradere
518 1987 635 2055 soleant,
655 1998 687 2046 ut
707 1990 751 2046 his
767 1990 854 2049 facili·

324 2159 487 2210 CHAPTER
502 2159 593 2209 XXVI.

99 2291 115 2323 θ
131 2287 307 2352 magnopere.
340 2287 371 2337 In
383 2289 451 2350 chop
462 2288 494 2336 xi.
526 2288 755 2340 Crcerousestanto
766 2307 853 2358 opere

70 2355 117 2403 and
128 2353 259 2402 elsewhere
269 2353 344 2400 nimio
355 2369 440 2416 open,-
457 2360 543 2416 qtturtto
550 2369 624 2418 opere.

101 2418 114 2470 †
130 2417 169 2465 De
178 2415 281 2465 Socrate
312 2417 395 2465 “Haec
412 2433 487 2478 usque
506 2433 535 2465 eo
551 2419 660 2468 animum
678 2419 785 2470 Socratis
802 2438 853 2471 non

69 2488 201 2539 moverunt,
213 2488 240 2530 ut
255 2498 286 2529 ne
296 2481 390 2530 vultum
401 2483 497 2544 quidem
514 2485 638 2533 moverint.
671 2485 742 2534 Illum
754 2487 854 2536 mirabi

69 2549 117 2596 lem
129 2547 224 2595 laudem
240 2553 265 2594 et
280 2545 428 2611 singrdarem
444 2561 519 2608 usque
535 2549 566 2595 ad
582 2556 717 2598 extremum
733 2553 854 2602 semovit.

69 2628 119 2660 non
129 2612 268 2659 hilariorem
279 2611 413 2672 quisquam,
424 2626 474 2658 non
489 2611 626 2672 tristiorem,
643 2615 766 2663 Socratem
778 2617 854 2675 vidit;

70 2677 169 2738 aqualis
180 2675 243 2723 fuit'
237 2691 263 2722 m
274 2681 342 2722 tanta
352 2675 514 2734 inaequalitate
530 2675 655 2726 fortunam·
687 2678 853 2736 Prin.vii.1s.

101 2738 154 2788 10.
165 2739 246 2787 laelio.
279 2738 340 2786 Vide
356 2739 424 2799 chap
435 2755 491 2786 xxx.
523 2739 614 2790 “Mitis
631 2743 749 2804 sapientia
764 2743 853 2794 Lalir·

70 2799 130 2849 Hor.
149 2803 223 2850 lih⁰
207 2819 233 2850 n.
247 2802 325 2850 Sati.
342 2801 379 2849 72.
402 2754 474 2851 p'I'hiu
493 2818 543 2850 was
561 2803 603 2853 the
624 2821 735 2871 younger
752 2807 854 2924 Lmllus,

68 2865 391 2924 mmdmnoftheconsul.
402 2867 474 2914 hrt.
484 2865 512 2913 (3.
523 2865 577 2913 563
