1882 3216
78 171 132 226 loa
360 165 408 212 na
426 161 577 211 oenone.

75 389 164 448 GAI’.
180 387 320 447 XXXIII.
355 383 426 445 Vita>
440 401 535 462 genoe
549 380 647 441 sedado
662 379 861 458 diligendum,

114 485 176 560 nec·
196 477 300 526 temere
323 463 584 526 commutandam.-
615 461 779 520 imitandos
802 477 863 532 eope

113 562 250 626 majorae.

70 755 74 770 .
114 703 204 762 leion
218 714 310 761 autem
331 703 455 760 maxime
468 719 560 758 rarum
583 715 672 776 genus
689 708 734 758 eet
752 715 864 767 eorum,

75 783 124 858 qui
138 793 185 841 aut
199 782 353 842 excellente
367 779 474 858 ingenii
498 777 700 856 magnitudine,
725 790 774 837 aut
794 799 865 859 prae-

75 865 149 921 clara
168 862 323 920 eruditione
351 872 432 934 atque
455 859 591 926 doctrina,
615 870 664 916 aut
682 859 809 933 'uti-aque
834 881 865 921 re
928 869 929 938 j

75 943 174 1008 ommi,
185 943 306 1018 spatium
317 941 402 997 otiam
416 939 587 997 deliberandi
601 937 767 1007 habuerunt,
778 959 866 1015 quem

75 1023 255 1099 potissimum
277 1021 340 1077 vitae
362 1037 477 1076 cursum
501 1019 582 1090 sequi
608 1019 729 1076 vellent:
753 1019 784 1077 in
810 1039 867 1094 qua

73 1101 273 1160 deliberatione
287 1098 322 1156 ad
336 1117 416 1155 suam
427 1099 564 1174 cujusque
574 1110 701 1156 naturam
712 1099 866 1158 consilium

75 1191 119 1238 eit
133 1199 216 1238 omne
225 1177 423 1256 revopandum.
447 1176 522 1234 Nam
531 1193 596 1233 cum
608 1177 637 1235 in
648 1178 790 1246 omnibuS,
801 1197 865 1252 quae

76 1269 204 1336 aguntur,
227 1275 265 1314 ex
289 1275 333 1324 eo,
351 1274 407 1328 quo
421 1256 507 1313 modo
529 1257 648 1328 quisque
663 1266 706 1314 est
724 1268 807 1314 natus
824 1257 867 1338 (ut

76 1355 161 1413 supra
186 1335 291 1394 dictum
305 1331 359 1410 est)
374 1333 443 1404 quid
462 1333 567 1402 deceat,
590 1337 781 1410 exquinrpus3
804 1345 866 1395 tum

76 1417 106 1473 in
120 1424 176 1472 tota
186 1415 244 1471 vita
256 1411 459 1479 constituenda,
474 1413 562 1470 multo
577 1426 620 1472 est
634 1417 661 1472 ei
674 1407 715 1472 rei
727 1433 794 1472 cura
807 1435 866 1474 ma-

72 1496 119 1572 jor
139 1489 305 1558 adhibenda,
331 1499 362 1546 ut
386 1500 512 1548 constare
540 1494 570 1550 in
590 1495 654 1552 vitae
680 1495 866 1571 perpetuitate

76 1571 220 1648 possimus
234 1569 376 1628 nobismet
388 1569 470 1646 ipsis,
485 1589 537 1628 nee
558 1573 588 1630 in
608 1573 666 1632 ullo
681 1572 776 1632 offici0
790 1574 866 1633 olau-

76 1651 177 1708 dicare.
653 1658 659 1670 '

116 1727 166 1798 Ad
188 1728 260 1792 hanc
280 1737 372 1786 autem
393 1729 530 1787 rationem
555 1732 688 1803 quoniam
710 1733 865 1789 maximam

76 1809 135 1867 vim
157 1819 254 1867 natura
273 1807 366 1876 habet,
388 1807 497 1866 fortuna
519 1811 698 1886 proximam3
718 1812 866 1883 utriusque

77 1890 193 1947 omnino
213 1887 341 1947 habenda
365 1889 434 1946 ratio
462 1899 506 1946 ent
532 1889 561 1946 in
589 1887 736 1966 deligendo
761 1907 866 1966 genere
929 1897 930 1916 ¹

76 1969 150 2037 vite,
165 1965 216 2026 sed
230 1978 332 2025 naturae
353 1967 452 2042 magis.
493 1967 585 2025 Multo
610 1969 686 2026 enim
710 1978 739 2026 et
757 1969 867 2026 firmior
929 1973 930 1992 ³

78 2057 130 2115 eet,
140 2056 169 2104 et
181 2048 368 2112 constantior;
389 2055 421 2102 ut
434 2045 543 2104 fortuna
557 2065 614 2104 non
625 2066 780 2120 numquam
792 2049 864 2124 ipsa,

77 2126 202 2183 mortalis
214 2143 279 2181 cum
293 2125 443 2182 immortali
463 2135 560 2182 natura
573 2145 696 2202 pugnare
710 2126 865 2186 videatur.I

78 2203 135 2269 Qui
149 2201 234 2279 igitur
246 2202 282 2260 ad
295 2214 399 2260 natura
423 2221 481 2268 suae
501 2223 559 2262 non
573 2205 680 2264 vitiosae
694 2223 785 2281 genus
800 2224 865 2264 con·

78 2281 174 2338 silium
201 2281 314 2339 vivendi
339 2299 423 2339 omne
446 2283 604 2352 contulerit,
629 2285 653 2341 is
679 2286 866 2341 constantiam

79 2369 171 2418 teneat
184 2358 226 2439 (id
245 2361 322 2418 enim
342 2361 465 2418 maxime
479 2361 569 2441 decet)
585 2364 640 2420 uisi
654 2363 723 2421 forte
738 2380 769 2419 se
784 2363 866 2422 intel·

319 2513 483 2566 CIIAP'I'ER
498 2513 618 2567 XXXIII.

111 2650 126 2682 I
142 2647 266 2697 theatur.
279 2645 422 2696 Fortuneis
438 2650 590 2710 represented
606 2667 633 2698 as
649 2649 712 2715 light
728 2650 776 2698 and
788 2655 868 2698 muta-

79 2713 129 2770 ble;
144 2721 230 2764 nature
240 2729 267 2762 as
283 2713 339 2761 fism
350 2713 397 2761 and
409 2713 547 2762 consistent.
580 2713 609 2762 If
619 2713 737 2764 dierefore
749 2731 799 2780 any
811 2730 868 2764 oon-

116 2785 127 2818 ἒ
145 2779 207 2828 ariae
218 2781 325 2828 between
336 2779 410 2836 them,
422 2779 442 2828 it
452 2795 509 2842 may
521 2779 550 2825 be
567 2781 694 2844 compared
711 2787 735 2830 to
746 2781 800 2830 that
811 2779 842 2830 of
853 2795 868 2828 a

138 2843 167 2893 'al
179 2844 238 2895 with
248 2860 280 2895 an
291 2844 419 2896 immortaI.
452 2841 590 2892 Facoiolati.
