1888 3222
88 187 146 242 210
370 177 419 230 nu
437 173 593 230 otricus,

90 323 173 393 secto,
184 321 308 382 uoufere
324 297 464 400 inultigit,
479 331 615 397 quotenus
630 330 723 380 autem
737 320 879 400 intelligit,

89 404 160 461 nihil
174 413 252 479 putet
265 403 498 479 pretermissum.
539 399 623 467 Quod
634 401 707 460 idem
723 401 752 458 in
765 405 879 478 poeula·

90 483 137 549 tis,
152 482 180 538 in
195 481 310 556 picturis
332 499 385 539 usu
400 482 486 548 venit,
498 481 528 538 in
543 481 660 552 aliisque
675 481 876 555 compluribus,

91 569 122 618 ut
132 560 303 618 delectentur
310 559 433 635 imperiti
447 558 614 630 laudentque
626 577 659 615 ee
667 577 730 630 quae
743 557 879 615 laudande

91 657 149 696 non
161 638 227 705 sint,
238 639 355 704 obeam,
370 637 465 703 oredo,
475 655 613 703 caussam,
628 636 703 709 quod
716 637 787 693 insit
798 639 826 694 in
838 635 878 692 his
927 663 928 744 p

93 716 199 786 aliquid
219 717 309 792 probi,
331 716 407 788 quod
428 716 520 792 cupiat
541 717 662 791 ignaros,
685 714 878 787 quiquidem,

94 793 162 866 quid
176 795 206 853 in
221 800 400 866 una-quaque
412 813 441 855 re
456 794 516 851 vitii
531 794 577 861 sit,
592 804 734 865 nequeant
743 793 879 869 judicare.
928 780 929 855 i

92 871 190 946 Itaque
215 891 281 932 cum
303 874 361 931 sint
378 873 455 932 docti
478 872 622 949 operitis,
641 871 783 929 desistunt
799 871 882 929 ¹focile
929 896 930 954 p

93 953 241 1010 sententie.

99 1125 188 1186 CAP.
203 1123 256 1186 tv.
278 1105 442 1186 Honestum
454 1142 520 1184 oum
531 1123 671 1183 utilitatis
683 1125 884 1203 repugnantia
931 1130 932 1170 ff

249 1223 402 1283 nunquam
416 1222 476 1263 esse
491 1203 731 1282 comparandum.
931 1211 933 1290 ‘p

137 1347 215 1404 Huc
228 1347 314 1422 igitur
327 1347 430 1415 officia,
445 1346 479 1404 de
495 1347 596 1418 quibus
612 1345 656 1403 his
676 1345 757 1404 libris
772 1345 886 1407 disseri·
933 1361 934 1382 ³

97 1443 173 1492 mus,
188 1425 268 1496 quasi
282 1424 406 1482 secunda
420 1424 549 1497 quaedam
564 1426 681 1482 honesta
695 1443 761 1482 esse
775 1425 883 1492 dicunt,
934 1478 935 1500 ,

98 1518 156 1560 non
178 1502 365 1577 sapientium*
384 1501 483 1565 modot
502 1505 624 1580 proprio,
647 1503 698 1562 sed
719 1522 786 1561 oum
809 1504 886 1562 omni
934 1501 935 1522 ³

100 1580 246 1638 hominum
268 1598 369 1656 genere
391 1583 562 1640 communio.
602 1581 699 1654 Itaque
713 1582 760 1639 his
775 1601 885 1648 omnes,
935 1594 936 1632 t

101 1659 130 1714 in
158 1658 259 1729 quibus
287 1669 331 1717 cst
365 1660 474 1717 virtutis
502 1659 639 1735 indoles,‡
665 1673 887 1719 commoventur.

101 1733 165 1793 Neo
186 1755 252 1796 vero
280 1756 344 1796 cum
372 1739 427 1796 duo
455 1738 547 1805 Decii,
576 1751 624 1796 aut
646 1739 702 1796 duo
723 1739 885 1813 Scipiones,

101 1813 186 1873 sortes
209 1816 261 1874 viri
285 1829 549 1883 commemorantur,
575 1828 622 1874 eut
645 1837 710 1874 oum
731 1818 887 1884 Fabricius,

40 1947 45 1962 ,
102 1893 290 1970 Aristidesve§
302 1897 373 1974 justi
394 1897 581 1963 nominantur,
597 1906 644 1954 aut
657 1897 691 1955 ah
704 1896 761 1954 illis
783 1896 888 1954 sortitu-

292 2061 295 2066 ’
381 2067 545 2119 CHAPTER
560 2069 604 2118 IV.

134 2194 335 2260 *Saptmtnme
350 2196 392 2246 ns
410 2197 517 2272 punse
535 2175 562 2247 n
580 2198 629 2248 un
646 2196 710 2247 form
730 2197 751 2246 o
769 2197 847 2249 found
866 2197 892 2248 u

102 2255 174 2308 MSS.
186 2259 215 2309 of
220 2261 318 2326 highest
326 2263 455 2327 authority.

135 2320 236 2376 modo.
251 2325 368 2376 Heumou
374 2329 421 2376 md
428 2328 486 2376 both
493 2328 534 2376 the
542 2327 696 2393 Heusingers
703 2328 785 2377 would
791 2329 893 2378 exclude

103 2387 178 2438 modo.
211 2389 235 2438 It
251 2407 360 2454 appears,
378 2393 497 2450 however,
516 2407 645 2458 necessary
665 2399 690 2441 to
709 2394 829 2456 complete
853 2395 894 2444 the

104 2469 182 2502 sense.
213 2454 294 2504 'I'hese
306 2457 385 2505 duties
397 2471 437 2504 ere
446 2455 589 2506 incumbent
596 2465 640 2507 not
650 2473 682 2507 on
689 2458 729 2507 the
739 2458 800 2507 wisc
808 2459 894 2509 alone:

105 2519 247 2636 thpyppp'lp
258 2526 283 2569 to
293 2521 334 2570 the
344 2520 422 2568 whole
433 2522 526 2570 human
537 2537 602 2572 rece.

235 2601 267 2633 ee.
294 2585 468 2648 Adopositim
479 2591 502 2635 to
513 2587 599 2636 cinus.
624 2586 689 2636 Cum
697 2585 745 2636 hoc
753 2587 836 2637 indole
846 2589 894 2638 vir-

105 2653 186 2697 tutum
196 2647 358 2697 novitiorum.
389 2647 442 2698 Liv.
453 2649 502 2698 xxi.
512 2651 536 2699 4.

137 2711 324 2769 inretitam.
354 2709 379 2758 J.
390 2710 426 2760 M.
437 2713 578 2780 Heusinger
595 2716 680 2766 thinks
697 2716 851 2766 Aristidem
863 2735 895 2767 sn

105 2773 279 2836 interpolation.
312 2774 342 2824 In
357 2778 449 2824 merel
465 2779 537 2828 Mss.
548 2780 579 2829 he
596 2781 672 2830 found
682 2784 770 2845 jteetue
785 2784 896 2832 mino·

105 2843 146 2884 tor
152 2855 162 2894 ,·
177 2839 226 2886 end
236 2845 357 2900 compitum
367 2853 383 2886 o
390 2843 504 2905 topicae.
