1896 3220
333 176 397 224 LIB.
411 176 432 223 1.
446 176 524 226 cAP.
538 175 597 226 XX.
815 177 851 234 63

82 315 148 376 enda
157 316 300 393 cupiditas.
341 319 424 377 Nihil
437 321 511 377 enim
524 332 568 377 est
578 329 633 376 tam
643 319 752 395 angusti
766 317 852 376 animi

81 409 183 468 tamque
197 397 284 471 parvi,
298 415 383 470 quarn
405 417 496 455 amare
517 397 645 456 divitias:
667 398 739 455 nihil
753 397 854 455 hones·

80 477 132 533 tius
155 476 440 550 magnificentiusque,
456 497 538 548 quant
559 478 707 552 pecuniam
730 485 853 533 contem-

80 573 151 620 nere,
165 556 188 610 si
202 563 257 611 n'on
272 555 393 621 habeas;
415 555 440 610 si
462 557 573 622 habeas,
589 555 622 612 ad
639 555 852 612 beneficentiam

79 633 318 704 liberalitatemque
353 633 487 690 conferre.
534 633 668 690 Cavenda
701 643 744 690 eet
770 633 853 690 etiam

81 707 168 786 glorie
200 711 347 787 cupiditaS,
374 721 405 768 ut
431 731 516 788 supra
541 711 610 769 dixi.
651 712 746 786 Eripit
777 711 853 768 enim

80 790 236 854 libertatem,
250 808 302 864 pro
316 809 370 861 qua
384 790 569 866 magnanimis
583 791 651 847 viris
665 790 757 846 omnis
772 788 855 847 debet

80 886 139 924 esse
153 869 300 926 contentio.
342 868 405 924 Nec
419 887 485 924 vero
505 869 623 943 imperia
642 867 807 944 expetenda,
823 884 855 923 ac

16 989 19 994 .
78 946 166 1021 potius
181 956 291 1003 autnon
302 946 465 1022 accipienda
475 946 623 1012 interdurn,
636 945 856 1022 autdeponeuda

76 1043 130 1081 non
144 1043 305 1095 numquam.
340 1031 342 1036 ’

113 1102 276 1179 Vacandum
290 1112 382 1159 autem
397 1101 475 1160 omni
488 1101 625 1159 estanimi
639 1102 854 1176 perturbatione,

75 1190 131 1238 turn
152 1180 301 1255 cupiditate
318 1191 346 1253 et
367 1192 452 1247 metu,
468 1191 526 1238 tum
549 1181 632 1238 etiarn
653 1177 814 1256 aegritudine
828 1189 856 1238 et

74 1260 212 1334 voluptate
228 1257 358 1336 [animi]
380 1269 408 1316 et
428 1259 590 1326 iracundia;
622 1269 654 1316 ut
672 1258 854 1331 tranquillitas

73 1339 176 1396 animi*
190 1346 217 1393 et
231 1337 363 1394 securitas
378 1338 458 1404 adsit,
474 1357 535 1409 quae
551 1337 630 1394 affert
643 1355 706 1394 cum
728 1346 857 1394 constan·

72 1417 148 1482 tiam,
159 1425 219 1472 tum
230 1416 314 1472 etiam
327 1416 498 1492 dignitatem.
538 1417 624 1474 Multi
635 1427 727 1473 autem
742 1425 769 1472 ct
779 1425 854 1484 sunt,

70 1506 97 1551 et
110 1495 233 1561 fuerunt,
246 1495 294 1565 qui
308 1513 380 1560 earn,
396 1513 479 1566 quam
494 1495 558 1553 dico
570 1495 793 1567 tranquillitatem
808 1513 856 1552 ex·

69 1583 209 1649 petentes,
232 1593 248 1629 a
272 1574 391 1648 negotiis
412 1574 532 1648 publicis
561 1592 591 1630 se
612 1581 799 1638 removerunt,
821 1570 855 1629 ad

69 1652 216 1722 otiumque
231 1651 421 1727 perlugemnt.
462 1651 495 1709 ln
509 1653 555 1708 his
570 1661 598 1708 et
611 1651 780 1708 nobilissimi
793 1650 856 1726 phi·

67 1729 200 1805 losophil
212 1730 350 1805 longeque
365 1730 518 1805 principes,
540 1739 569 1786 et
593 1729 705 1800 quidam
725 1729 856 1786 homines

68 1808 164 1864 severi
179 1817 205 1864 et
221 1826 328 1884 graves,
344 1809 393 1880 qui
406 1795 458 1864 nic
479 1807 587 1883 populi,
604 1824 655 1863 nec
670 1806 858 1881 principum,‡

68 1904 166 1942 mores
189 1885 260 1943 t'erre
281 1895 446 1963 potuerunt:
468 1885 651 1956 vixeruntque
672 1901 729 1939 non
743 1883 813 1940 nulli
827 1885 857 1942 in

67 1965 155 2040 agris,
172 1963 299 2022 delectati
320 1984 349 2022 re
373 1983 425 2021 sua
437 1963 575 2032 familiari.
617 1961 672 2018 His
696 1960 772 2016 idem
794 1980 857 2036 pro-

65 2042 197 2117 positum
205 2042 266 2110 fun,
278 2041 353 2115 quod
362 2043 483 2120 regibus,
495 2052 526 2099 ut
536 2060 571 2098 ne
584 2058 639 2113 qua
649 2057 678 2097 re
688 2049 810 2115 egerent,
820 2058 856 2098 ne

65 2192 859 2327 tttltfnlssaltisaltis}llllt'ltltawltlff

66 2341 161 2439 munitam
179 2328 227 2376 and
247 2326 269 2374 F
269 2327 386 2385 acciolati,
403 2343 511 2391 approve.
544 2327 640 2376 Several
656 2325 727 2395 MSS.
739 2325 797 2385 also,
813 2327 860 2375 add

65 2405 95 2438 m
125 2427 131 2440 ι
499 2403 508 2425 k

16 2505 17 2508 ,
97 2459 113 2490 ⁸
126 2457 225 2505 Animi.
242 2455 332 2504 Thrice
344 2455 418 2506 inthe
430 2471 497 2503 same
508 2462 628 2513 sentence,
636 2455 686 2504 this
694 2455 761 2503 word
768 2471 859 2504 recurs.

16 2571 17 2576 ,
67 2518 98 2568 In
119 2537 193 2572 nome
210 2520 281 2569 MSS.
292 2521 333 2569 the
349 2522 445 2579 second,
463 2522 489 2568 in
509 2521 596 2578 others,
607 2521 648 2568 the
667 2520 731 2568 third
747 2521 825 2567 enimi
837 2519 859 2566 is

16 2603 17 2630 r
67 2586 185 2634 omitted:
202 2587 246 2634 but
257 2585 360 2642 Quintil.
373 2585 422 2645 (lib.
434 2586 483 2633 viii.
495 2601 515 2632 c.
525 2585 557 2647 3.)
574 2586 618 2633 has
629 2583 726 2634 noticed
737 2585 789 2631 that
797 2583 858 2631 such

16 2665 18 2674 ¹
68 2652 214 2710 repetitions
225 2667 266 2698 ure
277 2655 321 2698 not
331 2649 468 2711 infrequcnt
479 2650 505 2697 in
515 2651 621 2698 Cicero's
632 2649 751 2712 waitings.

98 2714 112 2764 †
130 2715 286 2764 Nobilissimi
293 2714 434 2779 philosophi.
450 2715 487 2762 Of
493 2715 574 2762 whom
582 2729 646 2762 were
655 2714 773 2766 Socrates,
781 2709 858 2767 Pluto,

69 2777 198 2839 Aristotle,
209 2781 283 2837 Zeno,
294 2781 342 2827 end
354 2779 481 2840 Epicurus.

99 2843 291 2908 lPrincipum:
307 2844 336 2906 of
347 2842 448 2906 leading
459 2839 616 2889 individuale.
