<?xml version="1.0" encoding="UTF-8"?>
<!DOCTYPE html PUBLIC "-//W3C//DTD XHTML 1.0 Transitional//EN"
    "http://www.w3.org/TR/xhtml1/DTD/xhtml1-transitional.dtd">
<html xmlns="http://www.w3.org/1999/xhtml" xml:lang="en" lang="en">
 <head>
  <title>
</title>
<meta http-equiv="Content-Type" content="text/html;charset=utf-8" />
  <meta name='ocr-system' content='tesseract 3.04.00' />
  <meta name='ocr-capabilities' content='ocr_page ocr_carea ocr_par ocr_line ocrx_word'/>
</head>
<body>
  <div class='ocr_page' id='page_1' title='image "./deofficiislibri04cicegoog_0160.png"; bbox 0 0 1882 3216; ppageno 0'>
   <div class='ocr_carea' id='block_1_1' title="bbox 361 143 878 218">
    <p class='ocr_par' dir='ltr' id='par_1_1' title="bbox 361 143 878 218">
     <span class='ocr_line' id='line_1_1' title="bbox 361 143 878 218; baseline -0.002 -26"><span class='ocrx_word' id='word_1_1' title='bbox 361 143 465 218; x_wconf 78' lang='lat' dir='ltr'>nmir.</span> <span class='ocrx_word' id='word_1_2' title='bbox 483 145 560 194; x_wconf 75' lang='lat' dir='ltr'>cnr.</span> <span class='ocrx_word' id='word_1_3' title='bbox 573 145 615 192; x_wconf 87' lang='lat' dir='ltr'>nr.</span> <span class='ocrx_word' id='word_1_4' title='bbox 822 145 878 202; x_wconf 79' lang='lat' dir='ltr'>let</span> 
     </span>
    </p>
   </div>
   <div class='ocr_carea' id='block_1_2' title="bbox 78 283 910 2552">
    <p class='ocr_par' dir='ltr' id='par_1_2' title="bbox 82 283 874 990">
     <span class='ocr_line' id='line_1_2' title="bbox 82 283 874 360; baseline 0.005 -18"><span class='ocrx_word' id='word_1_5' title='bbox 82 283 135 350; x_wconf 78' lang='lat' dir='ltr'>cit,</span> <span class='ocrx_word' id='word_1_6' title='bbox 158 283 188 342; x_wconf 90' lang='lat' dir='ltr'>id</span> <span class='ocrx_word' id='word_1_7' title='bbox 206 284 291 344; x_wconf 83' lang='lat' dir='ltr'>etiam</span> <span class='ocrx_word' id='word_1_8' title='bbox 314 287 382 345; x_wconf 88' lang='lat' dir='ltr'>utile</span> <span class='ocrx_word' id='word_1_9' title='bbox 406 306 470 345; x_wconf 86' lang='lat' dir='ltr'>esse</span> <span class='ocrx_word' id='word_1_10' title='bbox 493 298 623 346; x_wconf 86' lang='lat' dir='ltr'>censent:</span> <span class='ocrx_word' id='word_1_11' title='bbox 649 287 772 358; x_wconf 87' lang='lat' dir='ltr'>itemque</span> <span class='ocrx_word' id='word_1_12' title='bbox 797 286 874 360; x_wconf 92' lang='lat' dir='ltr'>quod</span> 
     </span>
     <span class='ocr_line' id='line_1_3' title="bbox 83 362 873 440; baseline 0.005 -20"><span class='ocrx_word' id='word_1_13' title='bbox 83 362 249 431; x_wconf 84' lang='lat' dir='ltr'>honesturn,</span> <span class='ocrx_word' id='word_1_14' title='bbox 272 363 346 423; x_wconf 87' lang='lat' dir='ltr'>idem</span> <span class='ocrx_word' id='word_1_15' title='bbox 368 367 487 440; x_wconf 76' lang='lat' dir='ltr'>justum.</span> <span class='ocrx_word' id='word_1_16' title='bbox 529 367 576 424; x_wconf 85' lang='lat' dir='ltr'>Ex</span> <span class='ocrx_word' id='word_1_17' title='bbox 598 385 654 439; x_wconf 92' lang='lat' dir='ltr'>quo</span> <span class='ocrx_word' id='word_1_18' title='bbox 681 365 809 433; x_wconf 83' lang='lat' dir='ltr'>efficitur,</span> <span class='ocrx_word' id='word_1_19' title='bbox 832 377 873 432; x_wconf 80' lang='lat' dir='ltr'>ut.</span> 
     </span>
     <span class='ocr_line' id='line_1_4' title="bbox 82 441 871 516; baseline 0.005 -17"><span class='ocrx_word' id='word_1_20' title='bbox 82 441 224 515; x_wconf 86' lang='lat' dir='ltr'>quidquid</span> <span class='ocrx_word' id='word_1_21' title='bbox 243 443 392 502; x_wconf 84' lang='lat' dir='ltr'>honestum</span> <span class='ocrx_word' id='word_1_22' title='bbox 407 446 453 510; x_wconf 80' lang='lat' dir='ltr'>eit.</span> <span class='ocrx_word' id='word_1_23' title='bbox 469 444 542 502; x_wconf 84' lang='lat' dir='ltr'>idem</span> <span class='ocrx_word' id='word_1_24' title='bbox 557 446 594 502; x_wconf 85' lang='lat' dir='ltr'>sit</span> <span class='ocrx_word' id='word_1_25' title='bbox 607 444 684 502; x_wconf 89' lang='lat' dir='ltr'>utile.</span> <span class='ocrx_word' id='word_1_26' title='bbox 726 443 808 510; x_wconf 89' lang='lat' dir='ltr'>Quod</span> <span class='ocrx_word' id='word_1_27' title='bbox 822 447 871 516; x_wconf 85' lang='lat' dir='ltr'>qui</span> 
     </span>
     <span class='ocr_line' id='line_1_5' title="bbox 82 523 873 599; baseline 0.004 -22"><span class='ocrx_word' id='word_1_28' title='bbox 82 537 186 596; x_wconf 83' lang='lat' dir='ltr'>parum</span> <span class='ocrx_word' id='word_1_29' title='bbox 210 523 393 598; x_wconf 87' lang='lat' dir='ltr'>perspiciunt,</span> <span class='ocrx_word' id='word_1_30' title='bbox 408 523 438 580; x_wconf 91' lang='lat' dir='ltr'>hi</span> <span class='ocrx_word' id='word_1_31' title='bbox 461 542 536 599; x_wconf 78' lang='lat' dir='ltr'>sepe</span> <span class='ocrx_word' id='word_1_32' title='bbox 559 534 685 581; x_wconf 83' lang='lat' dir='ltr'>versutos</span> <span class='ocrx_word' id='word_1_33' title='bbox 701 523 829 580; x_wconf 86' lang='lat' dir='ltr'>homines</span> <span class='ocrx_word' id='word_1_34' title='bbox 844 534 873 580; x_wconf 91' lang='lat' dir='ltr'>et</span> 
     </span>
     <span class='ocr_line' id='line_1_6' title="bbox 83 597 871 678; baseline 0.005 -24"><span class='ocrx_word' id='word_1_35' title='bbox 83 597 205 656; x_wconf 83' lang='lat' dir='ltr'>callidos</span> <span class='ocrx_word' id='word_1_36' title='bbox 219 599 397 669; x_wconf 69' lang='lat' dir='ltr'>admirantes,</span> <span class='ocrx_word' id='word_1_37' title='bbox 411 602 544 660; x_wconf 87' lang='lat' dir='ltr'>maiitiam</span> <span class='ocrx_word' id='word_1_38' title='bbox 559 602 724 678; x_wconf 78' lang='lat' dir='ltr'><strong>sapientiam</strong></span> <span class='ocrx_word' id='word_1_39' title='bbox 734 601 871 678; x_wconf 83' lang='lat' dir='ltr'>judicant.</span> 
     </span>
     <span class='ocr_line' id='line_1_7' title="bbox 84 675 873 757; baseline 0.003 -23"><span class='ocrx_word' id='word_1_40' title='bbox 84 675 215 742; x_wconf 85' lang='lat' dir='ltr'>Quorum</span> <span class='ocrx_word' id='word_1_41' title='bbox 229 697 305 736; x_wconf 87' lang='lat' dir='ltr'>error</span> <span class='ocrx_word' id='word_1_42' title='bbox 318 679 477 755; x_wconf 84' lang='lat' dir='ltr'>eripiendus</span> <span class='ocrx_word' id='word_1_43' title='bbox 491 691 544 746; x_wconf 86' lang='lat' dir='ltr'>cst,</span> <span class='ocrx_word' id='word_1_44' title='bbox 559 681 711 757; x_wconf 87' lang='lat' dir='ltr'>opinioque</span> <span class='ocrx_word' id='word_1_45' title='bbox 724 681 817 738; x_wconf 84' lang='lat' dir='ltr'>omnis</span> <span class='ocrx_word' id='word_1_46' title='bbox 838 677 873 737; x_wconf 84' lang='lat' dir='ltr'>ad</span> 
     </span>
     <span class='ocr_line' id='line_1_8' title="bbox 84 757 872 835; baseline 0.005 -23"><span class='ocrx_word' id='word_1_47' title='bbox 84 771 150 812; x_wconf 77' lang='lat' dir='ltr'>eam</span> <span class='ocrx_word' id='word_1_48' title='bbox 164 759 262 832; x_wconf 76' lang='lat' dir='ltr'>spem*</span> <span class='ocrx_word' id='word_1_49' title='bbox 272 757 447 825; x_wconf 84' lang='lat' dir='ltr'>traducenda,</span> <span class='ocrx_word' id='word_1_50' title='bbox 459 771 490 816; x_wconf 90' lang='lat' dir='ltr'>ut</span> <span class='ocrx_word' id='word_1_51' title='bbox 501 760 627 817; x_wconf 73' lang='lat' dir='ltr'>honestis</span> <span class='ocrx_word' id='word_1_52' title='bbox 638 758 764 816; x_wconf 88' lang='lat' dir='ltr'>consiliis</span> <span class='ocrx_word' id='word_1_53' title='bbox 774 758 872 835; x_wconf 81' lang='lat' dir='ltr'>justis·</span> 
     </span>
     <span class='ocr_line' id='line_1_9' title="bbox 85 833 868 912; baseline 0.005 -22"><span class='ocrx_word' id='word_1_54' title='bbox 85 849 143 904; x_wconf 86' lang='lat' dir='ltr'>que</span> <span class='ocrx_word' id='word_1_55' title='bbox 156 833 245 903; x_wconf 85' lang='lat' dir='ltr'>iactis,</span> <span class='ocrx_word' id='word_1_56' title='bbox 260 853 317 894; x_wconf 90' lang='lat' dir='ltr'>non</span> <span class='ocrx_word' id='word_1_57' title='bbox 338 837 431 893; x_wconf 82' lang='lat' dir='ltr'>fraude</span> <span class='ocrx_word' id='word_1_58' title='bbox 445 848 473 894; x_wconf 89' lang='lat' dir='ltr'>et</span> <span class='ocrx_word' id='word_1_59' title='bbox 488 837 592 894; x_wconf 86' lang='lat' dir='ltr'>malitia</span> <span class='ocrx_word' id='word_1_60' title='bbox 605 855 636 893; x_wconf 85' lang='lat' dir='ltr'>se</span> <span class='ocrx_word' id='word_1_61' title='bbox 650 835 805 912; x_wconf 79' lang='lat' dir='ltr'>intelligant</span> <span class='ocrx_word' id='word_1_62' title='bbox 825 855 868 903; x_wconf 83' lang='lat' dir='ltr'>ee,</span> 
     </span>
     <span class='ocr_line' id='line_1_10' title="bbox 85 912 518 990; baseline 0.012 -23"><span class='ocrx_word' id='word_1_63' title='bbox 85 928 150 983; x_wconf 80' lang='lat' dir='ltr'>quae</span> <span class='ocrx_word' id='word_1_64' title='bbox 163 912 259 979; x_wconf 83' lang='lat' dir='ltr'>velint,</span> <span class='ocrx_word' id='word_1_65' title='bbox 273 915 409 987; x_wconf 78' lang='lat' dir='ltr'><strong>consequi</strong></span> <span class='ocrx_word' id='word_1_66' title='bbox 424 933 518 990; x_wconf 90' lang='lat' dir='ltr'>posse.</span> 
     </span>
    </p>

    <p class='ocr_par' dir='ltr' id='par_1_3' title="bbox 78 988 910 2552">
     <span class='ocr_line' id='line_1_11' title="bbox 126 988 870 1080; baseline 0.005 -34"><span class='ocrx_word' id='word_1_67' title='bbox 126 988 196 1080; x_wconf 79' lang='lat' dir='ltr'>Qnae</span> <span class='ocrx_word' id='word_1_68' title='bbox 208 1009 274 1068; x_wconf 87' lang='lat' dir='ltr'>ergo</span> <span class='ocrx_word' id='word_1_69' title='bbox 285 992 319 1050; x_wconf 88' lang='lat' dir='ltr'>ad</span> <span class='ocrx_word' id='word_1_70' title='bbox 328 995 412 1050; x_wconf 85' lang='lat' dir='ltr'>vitam</span> <span class='ocrx_word' id='word_1_71' title='bbox 425 993 570 1051; x_wconf 87' lang='lat' dir='ltr'>homiuum</span> <span class='ocrx_word' id='word_1_72' title='bbox 582 992 710 1050; x_wconf 85' lang='lat' dir='ltr'>tuendam</span> <span class='ocrx_word' id='word_1_73' title='bbox 720 993 870 1068; x_wconf 82' lang='lat' dir='ltr'>pertinent,</span> 
     </span>
     <span class='ocr_line' id='line_1_12' title="bbox 84 1072 869 1147; baseline 0.005 -23"><span class='ocrx_word' id='word_1_74' title='bbox 84 1079 187 1143; x_wconf 86' lang='lat' dir='ltr'>partim</span> <span class='ocrx_word' id='word_1_75' title='bbox 229 1080 294 1129; x_wconf 89' lang='lat' dir='ltr'>sunt</span> <span class='ocrx_word' id='word_1_76' title='bbox 331 1072 464 1138; x_wconf 87' lang='lat' dir='ltr'>inanima,</span> <span class='ocrx_word' id='word_1_77' title='bbox 503 1080 534 1127; x_wconf 90' lang='lat' dir='ltr'>ut</span> <span class='ocrx_word' id='word_1_78' title='bbox 571 1089 678 1136; x_wconf 85' lang='lat' dir='ltr'>aurum,</span> <span class='ocrx_word' id='word_1_79' title='bbox 715 1080 869 1147; x_wconf 79' lang='lat' dir='ltr'>argentum.</span> 
     </span>
     <span class='ocr_line' id='line_1_13' title="bbox 83 1149 870 1226; baseline 0.003 -24"><span class='ocrx_word' id='word_1_80' title='bbox 83 1155 117 1203; x_wconf 86' lang='lat' dir='ltr'>nt</span> <span class='ocrx_word' id='word_1_81' title='bbox 140 1164 183 1214; x_wconf 84' lang='lat' dir='ltr'>ea,</span> <span class='ocrx_word' id='word_1_82' title='bbox 205 1165 267 1220; x_wconf 78' lang='lat' dir='ltr'>que</span> <span class='ocrx_word' id='word_1_83' title='bbox 291 1149 442 1226; x_wconf 81' lang='lat' dir='ltr'>gignuntur</span> <span class='ocrx_word' id='word_1_84' title='bbox 469 1167 485 1205; x_wconf 90' lang='lat' dir='ltr'>e</span> <span class='ocrx_word' id='word_1_85' title='bbox 514 1159 594 1216; x_wconf 86' lang='lat' dir='ltr'>terra,</span> <span class='ocrx_word' id='word_1_86' title='bbox 614 1159 645 1206; x_wconf 90' lang='lat' dir='ltr'>ut</span> <span class='ocrx_word' id='word_1_87' title='bbox 674 1149 727 1205; x_wconf 88' lang='lat' dir='ltr'>alia</span> <span class='ocrx_word' id='word_1_88' title='bbox 759 1149 870 1224; x_wconf 80' lang='lat' dir='ltr'>generis</span> 
     </span>
     <span class='ocr_line' id='line_1_14' title="bbox 84 1224 870 1303; baseline 0.003 -23"><span class='ocrx_word' id='word_1_89' title='bbox 84 1224 232 1300; x_wconf 85' lang='lat' dir='ltr'>ejusdem:</span> <span class='ocrx_word' id='word_1_90' title='bbox 268 1229 366 1303; x_wconf 86' lang='lat' dir='ltr'>partim</span> <span class='ocrx_word' id='word_1_91' title='bbox 402 1227 541 1294; x_wconf 87' lang='lat' dir='ltr'>animalia,</span> <span class='ocrx_word' id='word_1_92' title='bbox 574 1245 635 1299; x_wconf 87' lang='lat' dir='ltr'>quae</span> <span class='ocrx_word' id='word_1_93' title='bbox 655 1227 773 1284; x_wconf 82' lang='lat' dir='ltr'>¹hubent</span> <span class='ocrx_word' id='word_1_94' title='bbox 802 1244 870 1283; x_wconf 86' lang='lat' dir='ltr'>suos</span> 
     </span>
     <span class='ocr_line' id='line_1_15' title="bbox 84 1303 868 1382; baseline 0.003 -23"><span class='ocrx_word' id='word_1_95' title='bbox 84 1303 207 1378; x_wconf 87' lang='lat' dir='ltr'>impetus</span> <span class='ocrx_word' id='word_1_96' title='bbox 242 1316 270 1362; x_wconf 90' lang='lat' dir='ltr'>et</span> <span class='ocrx_word' id='word_1_97' title='bbox 303 1324 395 1363; x_wconf 84' lang='lat' dir='ltr'>rerum</span> <span class='ocrx_word' id='word_1_98' title='bbox 431 1311 578 1382; x_wconf 90' lang='lat' dir='ltr'>appetitus.</span> <span class='ocrx_word' id='word_1_99' title='bbox 631 1305 739 1362; x_wconf 87' lang='lat' dir='ltr'>Eorum</span> <span class='ocrx_word' id='word_1_100' title='bbox 776 1314 868 1362; x_wconf 87' lang='lat' dir='ltr'>autem</span> 
     </span>
     <span class='ocr_line' id='line_1_16' title="bbox 83 1380 868 1460; baseline 0.004 -23"><span class='ocrx_word' id='word_1_101' title='bbox 83 1380 139 1438; x_wconf 79' lang='lat' dir='ltr'>alia</span> <span class='ocrx_word' id='word_1_102' title='bbox 163 1383 277 1441; x_wconf 87' lang='lat' dir='ltr'>rationis</span> <span class='ocrx_word' id='word_1_103' title='bbox 302 1385 428 1460; x_wconf 78' lang='lat' dir='ltr'>expertia</span> <span class='ocrx_word' id='word_1_104' title='bbox 451 1396 525 1451; x_wconf 84' lang='lat' dir='ltr'>sunt,</span> <span class='ocrx_word' id='word_1_105' title='bbox 547 1383 600 1450; x_wconf 83' lang='lat' dir='ltr'>aiio</span> <span class='ocrx_word' id='word_1_106' title='bbox 623 1385 729 1442; x_wconf 88' lang='lat' dir='ltr'>ratione</span> <span class='ocrx_word' id='word_1_107' title='bbox 753 1383 868 1442; x_wconf 88' lang='lat' dir='ltr'>utentia.</span> 
     </span>
     <span class='ocr_line' id='line_1_17' title="bbox 83 1457 869 1539; baseline 0.001 -23"><span class='ocrx_word' id='word_1_108' title='bbox 83 1457 226 1536; x_wconf 80' lang='lat' dir='ltr'>Expertes</span> <span class='ocrx_word' id='word_1_109' title='bbox 248 1463 374 1530; x_wconf 85' lang='lat' dir='ltr'>rationis,</span> <span class='ocrx_word' id='word_1_110' title='bbox 397 1464 471 1534; x_wconf 86' lang='lat' dir='ltr'>equi,</span> <span class='ocrx_word' id='word_1_111' title='bbox 492 1465 589 1530; x_wconf 84' lang='lat' dir='ltr'>boves,</span> <span class='ocrx_word' id='word_1_112' title='bbox 610 1463 724 1535; x_wconf 76' lang='lat' dir='ltr'>relique</span> <span class='ocrx_word' id='word_1_113' title='bbox 746 1461 869 1539; x_wconf 86' lang='lat' dir='ltr'>pecudes</span> 
     </span>
     <span class='ocr_line' id='line_1_18' title="bbox 83 1535 869 1617; baseline 0.003 -23"><span class='ocrx_word' id='word_1_114' title='bbox 83 1535 187 1617; x_wconf 84' lang='lat' dir='ltr'>[apes]</span> <span class='ocrx_word' id='word_1_115' title='bbox 208 1558 323 1612; x_wconf 88' lang='lat' dir='ltr'>quarum</span> <span class='ocrx_word' id='word_1_116' title='bbox 352 1559 436 1616; x_wconf 87' lang='lat' dir='ltr'>opere</span> <span class='ocrx_word' id='word_1_117' title='bbox 461 1541 579 1598; x_wconf 87' lang='lat' dir='ltr'>efficitur</span> <span class='ocrx_word' id='word_1_118' title='bbox 603 1541 708 1614; x_wconf 88' lang='lat' dir='ltr'>aliquid</span> <span class='ocrx_word' id='word_1_119' title='bbox 730 1540 764 1599; x_wconf 90' lang='lat' dir='ltr'>ad</span> <span class='ocrx_word' id='word_1_120' title='bbox 785 1557 869 1598; x_wconf 89' lang='lat' dir='ltr'>usum</span> 
     </span>
     <span class='ocr_line' id='line_1_19' title="bbox 82 1617 868 1690; baseline 0.003 -16"><span class='ocrx_word' id='word_1_121' title='bbox 82 1617 232 1676; x_wconf 89' lang='lat' dir='ltr'>hominum</span> <span class='ocrx_word' id='word_1_122' title='bbox 247 1630 329 1690; x_wconf 89' lang='lat' dir='ltr'>atque</span> <span class='ocrx_word' id='word_1_123' title='bbox 343 1621 438 1676; x_wconf 84' lang='lat' dir='ltr'>vitam.</span> <span class='ocrx_word' id='word_1_124' title='bbox 478 1619 598 1677; x_wconf 85' lang='lat' dir='ltr'>Ratione</span> <span class='ocrx_word' id='word_1_125' title='bbox 618 1630 709 1676; x_wconf 86' lang='lat' dir='ltr'>autem</span> <span class='ocrx_word' id='word_1_126' title='bbox 730 1619 868 1677; x_wconf 88' lang='lat' dir='ltr'>utentium</span> 
     </span>
     <span class='ocr_line' id='line_1_20' title="bbox 82 1693 870 1773; baseline 0.004 -23"><span class='ocrx_word' id='word_1_127' title='bbox 82 1693 141 1752; x_wconf 92' lang='lat' dir='ltr'>duo</span> <span class='ocrx_word' id='word_1_128' title='bbox 155 1714 256 1772; x_wconf 87' lang='lat' dir='ltr'>genera</span> <span class='ocrx_word' id='word_1_129' title='bbox 270 1708 386 1773; x_wconf 87' lang='lat' dir='ltr'>ponunt,</span> <span class='ocrx_word' id='word_1_130' title='bbox 402 1697 516 1754; x_wconf 88' lang='lat' dir='ltr'>deorum</span> <span class='ocrx_word' id='word_1_131' title='bbox 530 1716 628 1761; x_wconf 87' lang='lat' dir='ltr'>unum,</span> <span class='ocrx_word' id='word_1_132' title='bbox 643 1698 758 1754; x_wconf 88' lang='lat' dir='ltr'>alterum</span> <span class='ocrx_word' id='word_1_133' title='bbox 779 1696 870 1755; x_wconf 88' lang='lat' dir='ltr'>homi·</span> 
     </span>
     <span class='ocr_line' id='line_1_21' title="bbox 81 1774 867 1852; baseline 0.004 -23"><span class='ocrx_word' id='word_1_134' title='bbox 81 1791 162 1831; x_wconf 88' lang='lat' dir='ltr'>num.</span> <span class='ocrx_word' id='word_1_135' title='bbox 204 1775 282 1832; x_wconf 87' lang='lat' dir='ltr'>Deos</span> <span class='ocrx_word' id='word_1_136' title='bbox 304 1776 427 1852; x_wconf 89' lang='lat' dir='ltr'>placatos</span> <span class='ocrx_word' id='word_1_137' title='bbox 451 1775 539 1852; x_wconf 88' lang='lat' dir='ltr'>pietas</span> <span class='ocrx_word' id='word_1_138' title='bbox 558 1774 665 1832; x_wconf 88' lang='lat' dir='ltr'>efficiet</span> <span class='ocrx_word' id='word_1_139' title='bbox 677 1783 705 1830; x_wconf 90' lang='lat' dir='ltr'>et</span> <span class='ocrx_word' id='word_1_140' title='bbox 718 1776 867 1832; x_wconf 80' lang='lat' dir='ltr'>sanctitas:</span> 
     </span>
     <span class='ocr_line' id='line_1_22' title="bbox 81 1852 871 1928; baseline -0.003 -18"><span class='ocrx_word' id='word_1_141' title='bbox 81 1854 213 1928; x_wconf 84' lang='lat' dir='ltr'>proxime</span> <span class='ocrx_word' id='word_1_142' title='bbox 223 1865 315 1912; x_wconf 89' lang='lat' dir='ltr'>autem</span> <span class='ocrx_word' id='word_1_143' title='bbox 323 1865 350 1911; x_wconf 86' lang='lat' dir='ltr'>et</span> <span class='ocrx_word' id='word_1_144' title='bbox 358 1853 512 1912; x_wconf 89' lang='lat' dir='ltr'>secundum</span> <span class='ocrx_word' id='word_1_145' title='bbox 522 1852 600 1919; x_wconf 88' lang='lat' dir='ltr'>deos,</span> <span class='ocrx_word' id='word_1_146' title='bbox 610 1853 741 1910; x_wconf 87' lang='lat' dir='ltr'>homines</span> <span class='ocrx_word' id='word_1_147' title='bbox 751 1852 871 1910; x_wconf 88' lang='lat' dir='ltr'>homini·</span> 
     </span>
     <span class='ocr_line' id='line_1_23' title="bbox 81 1929 870 2007; baseline -0.003 -19"><span class='ocrx_word' id='word_1_148' title='bbox 81 1931 136 1988; x_wconf 88' lang='lat' dir='ltr'>bus</span> <span class='ocrx_word' id='word_1_149' title='bbox 151 1932 274 1990; x_wconf 86' lang='lat' dir='ltr'>maxime</span> <span class='ocrx_word' id='word_1_150' title='bbox 286 1934 367 1990; x_wconf 91' lang='lat' dir='ltr'>utiles</span> <span class='ocrx_word' id='word_1_151' title='bbox 381 1951 446 1990; x_wconf 88' lang='lat' dir='ltr'>esse</span> <span class='ocrx_word' id='word_1_152' title='bbox 457 1941 585 2007; x_wconf 83' lang='lat' dir='ltr'>possunt.</span> <span class='ocrx_word' id='word_1_153' title='bbox 626 1929 789 2001; x_wconf 88' lang='lat' dir='ltr'>Earumque</span> <span class='ocrx_word' id='word_1_154' title='bbox 802 1930 870 1987; x_wconf 88' lang='lat' dir='ltr'>item</span> 
     </span>
     <span class='ocr_line' id='line_1_24' title="bbox 80 2006 870 2082; baseline 0.001 -16"><span class='ocrx_word' id='word_1_155' title='bbox 80 2027 186 2076; x_wconf 88' lang='lat' dir='ltr'>rerum,</span> <span class='ocrx_word' id='word_1_156' title='bbox 209 2029 270 2082; x_wconf 89' lang='lat' dir='ltr'>quae</span> <span class='ocrx_word' id='word_1_157' title='bbox 291 2020 410 2069; x_wconf 79' lang='lat' dir='ltr'>noceant</span> <span class='ocrx_word' id='word_1_158' title='bbox 423 2021 451 2068; x_wconf 87' lang='lat' dir='ltr'>et</span> <span class='ocrx_word' id='word_1_159' title='bbox 464 2011 566 2075; x_wconf 87' lang='lat' dir='ltr'>obsint,</span> <span class='ocrx_word' id='word_1_160' title='bbox 582 2007 679 2066; x_wconf 86' lang='lat' dir='ltr'>eadem</span> <span class='ocrx_word' id='word_1_161' title='bbox 700 2006 803 2065; x_wconf 85' lang='lat' dir='ltr'>divisio</span> <span class='ocrx_word' id='word_1_162' title='bbox 817 2018 870 2067; x_wconf 90' lang='lat' dir='ltr'>est.</span> 
     </span>
     <span class='ocr_line' id='line_1_25' title="bbox 80 2086 868 2164; baseline 0 -20"><span class='ocrx_word' id='word_1_163' title='bbox 80 2086 141 2144; x_wconf 87' lang='lat' dir='ltr'>Sed</span> <span class='ocrx_word' id='word_1_164' title='bbox 164 2088 229 2161; x_wconf 90' lang='lat' dir='ltr'>quia</span> <span class='ocrx_word' id='word_1_165' title='bbox 250 2088 318 2147; x_wconf 91' lang='lat' dir='ltr'>deos</span> <span class='ocrx_word' id='word_1_166' title='bbox 340 2107 442 2147; x_wconf 90' lang='lat' dir='ltr'>nocere</span> <span class='ocrx_word' id='word_1_167' title='bbox 464 2107 520 2146; x_wconf 92' lang='lat' dir='ltr'>non</span> <span class='ocrx_word' id='word_1_168' title='bbox 543 2096 649 2164; x_wconf 87' lang='lat' dir='ltr'>putant,</span> <span class='ocrx_word' id='word_1_169' title='bbox 665 2087 710 2144; x_wconf 88' lang='lat' dir='ltr'>his</span> <span class='ocrx_word' id='word_1_170' title='bbox 731 2087 868 2164; x_wconf 81' lang='lat' dir='ltr'>exceptis,</span> 
     </span>
     <span class='ocr_line' id='line_1_26' title="bbox 80 2165 870 2243; baseline 0.001 -20"><span class='ocrx_word' id='word_1_171' title='bbox 80 2165 214 2223; x_wconf 88' lang='lat' dir='ltr'>homines</span> <span class='ocrx_word' id='word_1_172' title='bbox 228 2167 390 2226; x_wconf 89' lang='lat' dir='ltr'>hominibus</span> <span class='ocrx_word' id='word_1_173' title='bbox 405 2169 505 2225; x_wconf 90' lang='lat' dir='ltr'>obesse</span> <span class='ocrx_word' id='word_1_174' title='bbox 519 2167 681 2243; x_wconf 84' lang='lat' dir='ltr'>plurimum,</span> <span class='ocrx_word' id='word_1_175' title='bbox 697 2167 870 2224; x_wconf 84' lang='lat' dir='ltr'>arbitrantur.</span> 
     </span>
     <span class='ocr_line' id='line_1_27' title="bbox 79 2243 910 2322; baseline 0 -20"><span class='ocrx_word' id='word_1_176' title='bbox 79 2243 128 2302; x_wconf 88' lang='lat' dir='ltr'>Ea</span> <span class='ocrx_word' id='word_1_177' title='bbox 150 2245 226 2303; x_wconf 89' lang='lat' dir='ltr'>eniin</span> <span class='ocrx_word' id='word_1_178' title='bbox 249 2246 321 2322; x_wconf 89' lang='lat' dir='ltr'>ipsa,</span> <span class='ocrx_word' id='word_1_179' title='bbox 346 2265 408 2318; x_wconf 85' lang='lat' dir='ltr'>quae</span> <span class='ocrx_word' id='word_1_180' title='bbox 432 2247 555 2304; x_wconf 87' lang='lat' dir='ltr'>inanima</span> <span class='ocrx_word' id='word_1_181' title='bbox 579 2245 713 2311; x_wconf 86' lang='lat' dir='ltr'>diximus,</span> <span class='ocrx_word' id='word_1_182' title='bbox 737 2243 869 2320; x_wconf 84' lang='lat' dir='ltr'>pleraque</span> <span class='ocrx_word' id='word_1_183' title='bbox 906 2263 910 2272; x_wconf 80' lang='grc'>’</span> 
     </span>
     <span class='ocr_line' id='line_1_28' title="bbox 79 2323 869 2401; baseline 0.001 -22"><span class='ocrx_word' id='word_1_184' title='bbox 79 2333 149 2380; x_wconf 85' lang='lat' dir='ltr'>sunt</span> <span class='ocrx_word' id='word_1_185' title='bbox 162 2323 313 2382; x_wconf 90' lang='lat' dir='ltr'>hominum</span> <span class='ocrx_word' id='word_1_186' title='bbox 324 2325 418 2401; x_wconf 87' lang='lat' dir='ltr'>operis</span> <span class='ocrx_word' id='word_1_187' title='bbox 433 2324 541 2388; x_wconf 81' lang='lat' dir='ltr'>effecta,</span> <span class='ocrx_word' id='word_1_188' title='bbox 554 2341 616 2396; x_wconf 82' lang='lat' dir='ltr'>quae</span> <span class='ocrx_word' id='word_1_189' title='bbox 628 2341 680 2380; x_wconf 89' lang='lat' dir='ltr'>nec</span> <span class='ocrx_word' id='word_1_190' title='bbox 691 2323 869 2390; x_wconf 77' lang='lat' dir='ltr'>haberemus,</span> 
     </span>
     <span class='ocr_line' id='line_1_29' title="bbox 78 2401 869 2460; baseline 0 -2"><span class='ocrx_word' id='word_1_191' title='bbox 78 2401 139 2458; x_wconf 84' lang='lat' dir='ltr'>nisi</span> <span class='ocrx_word' id='word_1_192' title='bbox 153 2419 254 2460; x_wconf 87' lang='lat' dir='ltr'>manus</span> <span class='ocrx_word' id='word_1_193' title='bbox 268 2413 297 2460; x_wconf 90' lang='lat' dir='ltr'>et</span> <span class='ocrx_word' id='word_1_194' title='bbox 311 2422 354 2460; x_wconf 89' lang='lat' dir='ltr'>ars</span> <span class='ocrx_word' id='word_1_195' title='bbox 370 2403 555 2460; x_wconf 81' lang='lat' dir='ltr'>accessisset:</span> <span class='ocrx_word' id='word_1_196' title='bbox 577 2421 629 2459; x_wconf 89' lang='lat' dir='ltr'>nee</span> <span class='ocrx_word' id='word_1_197' title='bbox 642 2402 688 2458; x_wconf 90' lang='lat' dir='ltr'>his</span> <span class='ocrx_word' id='word_1_198' title='bbox 703 2403 764 2460; x_wconf 90' lang='lat' dir='ltr'>sine</span> <span class='ocrx_word' id='word_1_199' title='bbox 779 2402 869 2460; x_wconf 90' lang='lat' dir='ltr'>homi·</span> 
     </span>
     <span class='ocr_line' id='line_1_30' title="bbox 79 2480 868 2552; baseline -0.003 -14"><span class='ocrx_word' id='word_1_200' title='bbox 79 2497 149 2538; x_wconf 83' lang='lat' dir='ltr'>uum</span> <span class='ocrx_word' id='word_1_201' title='bbox 182 2480 423 2538; x_wconf 81' lang='lat' dir='ltr'>administratione</span> <span class='ocrx_word' id='word_1_202' title='bbox 457 2493 607 2538; x_wconf 86' lang='lat' dir='ltr'>uteremur.</span> <span class='ocrx_word' id='word_1_203' title='bbox 657 2480 758 2552; x_wconf 90' lang='lat' dir='ltr'>Neque</span> <span class='ocrx_word' id='word_1_204' title='bbox 792 2481 868 2536; x_wconf 89' lang='lat' dir='ltr'>enim</span> 
     </span>
    </p>
   </div>
   <div class='ocr_carea' id='block_1_3' title="bbox 113 2680 872 2796">
    <p class='ocr_par' dir='ltr' id='par_1_4' title="bbox 113 2680 872 2796">
     <span class='ocr_line' id='line_1_31' title="bbox 113 2680 872 2796; baseline -0.007 -61"><span class='ocrx_word' id='word_1_205' title='bbox 113 2687 128 2719; x_wconf 75' lang='lat'>⁸</span> <span class='ocrx_word' id='word_1_206' title='bbox 146 2685 187 2735; x_wconf 71' lang='lat' dir='ltr'>Aa</span> <span class='ocrx_word' id='word_1_207' title='bbox 198 2703 251 2736; x_wconf 83' lang='lat' dir='ltr'>eom</span> <span class='ocrx_word' id='word_1_208' title='bbox 262 2702 336 2752; x_wconf 73' lang='lat' dir='ltr'>rpem</span> <span class='ocrx_word' id='word_1_209' title='bbox 367 2685 415 2736; x_wconf 87' lang='lat' dir='ltr'>Not</span> <span class='ocrx_word' id='word_1_210' title='bbox 425 2695 448 2736; x_wconf 90' lang='lat' dir='ltr'>to</span> <span class='ocrx_word' id='word_1_211' title='bbox 458 2687 515 2752; x_wconf 72' lang='lat' dir='ltr'>dupe</span> <span class='ocrx_word' id='word_1_212' title='bbox 526 2686 569 2751; x_wconf 81' lang='lat' dir='ltr'>sor</span> <span class='ocrx_word' id='word_1_213' title='bbox 579 2680 872 2796; x_wconf 48' lang='lat' dir='ltr'>eucemefflraudulent</span> 
     </span>
    </p>
   </div>
   <div class='ocr_carea' id='block_1_4' title="bbox 76 2745 871 2816">
    <p class='ocr_par' dir='ltr' id='par_1_5' title="bbox 76 2745 871 2816">
     <span class='ocr_line' id='line_1_32' title="bbox 76 2745 871 2816; baseline -0.005 -16"><span class='ocrx_word' id='word_1_214' title='bbox 76 2749 131 2804; x_wconf 69' lang='lat' dir='ltr'>and</span> <span class='ocrx_word' id='word_1_215' title='bbox 141 2750 243 2800; x_wconf 67' lang='lat' dir='ltr'>hanni</span> <span class='ocrx_word' id='word_1_216' title='bbox 251 2754 380 2816; x_wconf 59' lang='lat' dir='ltr'>partica,</span> <span class='ocrx_word' id='word_1_217' title='bbox 391 2751 432 2800; x_wconf 78' lang='lat' dir='ltr'>dut</span> <span class='ocrx_word' id='word_1_218' title='bbox 443 2751 473 2816; x_wconf 74' lang='lat' dir='ltr'>by</span> <span class='ocrx_word' id='word_1_219' title='bbox 483 2749 611 2814; x_wconf 65' lang='grc' dir='ltr'><strong>οὺιιτιιὶιις</strong></span> <span class='ocrx_word' id='word_1_220' title='bbox 621 2749 659 2798; x_wconf 76' lang='lat' dir='ltr'>tte</span> <span class='ocrx_word' id='word_1_221' title='bbox 747 2745 776 2808; x_wconf 83' lang='lat' dir='ltr'>of</span> <span class='ocrx_word' id='word_1_222' title='bbox 781 2745 871 2796; x_wconf 79' lang='lat' dir='ltr'>domur</span> 
     </span>
    </p>
   </div>
   <div class='ocr_carea' id='block_1_5' title="bbox 76 2814 248 2880">
    <p class='ocr_par' dir='ltr' id='par_1_6' title="bbox 76 2814 248 2880">
     <span class='ocr_line' id='line_1_33' title="bbox 76 2814 248 2880; baseline 0.012 -18"><span class='ocrx_word' id='word_1_223' title='bbox 76 2814 132 2864; x_wconf 77' lang='lat' dir='ltr'>arrd</span> <span class='ocrx_word' id='word_1_224' title='bbox 142 2815 248 2880; x_wconf 74' lang='lat' dir='ltr'>homsty.</span> 
     </span>
    </p>
   </div>
   <div class='ocr_carea' id='block_1_6' title="bbox 0 0 946 3216">
    <p class='ocr_par' dir='ltr' id='par_1_7' title="bbox 0 0 946 3216">
     <span class='ocr_line' id='line_1_34' title="bbox 0 0 946 3216; baseline 0 1"><span class='ocrx_word' id='word_1_225' title='bbox 0 0 946 3216; x_wconf 95' lang='lat' dir='ltr'> </span> 
     </span>
    </p>
   </div>
  </div>
 </body>
</html>
