1890 3224
327 233 393 284 Lm.
405 233 448 282 ιιι.
467 234 544 284 cnr.
556 236 588 284 x.
790 239 849 296 237

100 376 141 434 At
161 376 191 436 in
212 393 248 434 eo
265 393 343 454 rege,
357 377 406 450 qui
425 377 523 435 urbem
545 377 679 445 condidit,
693 397 751 439 non
771 379 849 439 item.

58 455 181 532 Species
201 455 277 513 enim
297 456 423 514 utilitatis
443 457 567 514 animum
581 458 689 534 pepulit
701 459 780 536 ejus:
803 461 850 518 cui

58 553 126 592 cum
141 534 233 591 visum
249 545 324 592 esset
336 535 442 602 utilius,
457 536 558 603 solum,
574 555 657 609 quam
678 556 742 596 oum
763 539 848 596 altero

57 631 187 692 regnare,
202 613 313 670 tratrem
336 613 483 672 interemit.
524 613 629 672 Omisit
648 616 695 672 hic
716 626 745 673 et
763 617 849 692 pieta·
909 623 913 631 '

58 701 130 760 tem,
145 701 174 748 et
183 691 394 761 humanitatem,
408 701 439 750 ut
457 693 496 759 id,
511 693 587 766 quod
607 694 673 752 utile
694 694 847 764 videbatur,

57 786 154 843 neque
188 782 255 837 erat,
284 773 396 842 assequi
430 783 541 848 posset:
577 781 605 829 et
637 783 729 830 tamen
759 775 848 831 muri*

57 867 189 906 natussum
210 850 352 925 opposuit,
368 851 492 926 speciem
506 850 660 908 honestatis
680 869 772 923 neque
785 871 849 928 pro·

57 927 192 994 babilem,
204 946 258 984 nec
272 945 338 984 sane
351 927 489 985 idoneam.
531 929 663 986 Peccavit
673 929 766 1006 igitur,
778 949 848 1006 pace

58 1006 106 1064 vel
121 1005 258 1071 Quirini,†
270 1006 315 1063 rel
329 1005 454 1074 Romuli,
470 1005 599 1064 dixerim.

100 1084 166 1142 Nec
187 1098 279 1142 tamen
299 1096 401 1141 nostrae
427 1083 507 1142 nobis
531 1085 663 1142 utilitates
687 1084 848 1145 omittendae

58 1173 136 1228 sunt,
151 1162 269 1235 aliisque
294 1163 442 1229 tradendas,
465 1181 530 1219 cum
551 1163 597 1220 his
618 1163 674 1236 ipsi
696 1181 847 1240 egeamus3

59 1241 112 1299 sed
125 1259 184 1298 suae
198 1243 299 1314 cuique
312 1241 433 1309 utilitati,
449 1240 524 1314 quod
537 1242 599 1300 sine
614 1242 726 1299 alterius
747 1243 850 1318 injuria

57 1321 118 1388 fiat,
149 1320 327 1378 serviendum
363 1329 415 1378 est.
471 1321 548 1378 Scite
583 1319 793 1397 Chrysippus,‡
820 1331 851 1380 ut

59 1400 159 1458 multa.
201 1399 259 1465 Qui
280 1397 412 1467 stadium,
426 1400 528 1472 inquit,
543 1401 637 1466 currit,
661 1400 730 1457 eniti
744 1409 772 1458 et
785 1418 851 1459 con·

57 1476 173 1536 tendere
198 1476 289 1545 debet,
311 1495 395 1550 quarn
415 1479 538 1536 maxime
558 1479 659 1556 possit,
682 1488 714 1536 ut
740 1479 847 1536 vincat:

57 1557 239 1634 supplantare
266 1575 342 1622 eum,
363 1557 478 1629 quicum
505 1567 599 1625 certet,
622 1567 669 1616 aut
691 1577 777 1616 manu
802 1557 850 1616 de·

57 1635 175 1713 pellere,
186 1635 263 1694 nullo
277 1634 362 1694 modo
376 1633 476 1696 debet.¹
507 1635 557 1692 Sic
571 1636 600 1694 in
611 1637 668 1693 vita
683 1637 739 1694 sihi
752 1655 850 1708 quem·

57 1733 114 1788 que
129 1726 235 1792 petere,
249 1713 326 1787 quod
341 1715 480 1789 pertineat
490 1712 524 1770 ad
538 1733 633 1781 usum,
647 1732 706 1773 non
720 1715 849 1787 iniquum

57 1803 117 1851 est:
141 1793 220 1851 alteri
234 1793 372 1869 deripere,
384 1792 433 1868 jus
447 1810 504 1848 uon
519 1801 571 1849 est.

98 1872 228 1930 Maxime
240 1881 331 1929 autem
343 1870 537 1948 perturbantur
547 1867 649 1936 officia,
659 1870 688 1926 in
701 1868 848 1927 amicitiis:
913 1933 916 1940 ,

57 1952 161 2024 quibus
184 1961 212 2008 et
232 1969 290 2008 uon
310 1945 439 2016 tribuere,
454 1945 531 2021 quod
543 1957 617 2006 recte
632 1948 737 2030 possis,
752 1956 781 2004 et
803 1948 851 2005 tri·

58 2031 155 2096 buere,
170 2029 246 2103 quod
267 2047 325 2087 uon
347 2027 385 2086 sit
406 2045 529 2100 equum,
543 2036 639 2084 contra
656 2025 780 2084 officium
791 2035 848 2104 lest.

57 2108 117 2166 Sed
139 2109 225 2186 hujus
245 2107 356 2184 generis
376 2107 472 2173 totius,
495 2107 580 2162 breve
602 2114 631 2162 et
654 2123 711 2163 non
735 2104 849 2162 difficile

57 2199 231 2264 preceptum
265 2195 318 2242 est.
371 2185 442 2251 Quae
482 2184 559 2242 enim
591 2183 722 2242 videntur
760 2184 849 2250 utilia,

56 2267 192 2330 honores,
208 2265 322 2332 divitiae,
343 2263 510 2339 voluptates,
530 2272 622 2320 cetera
643 2263 754 2340 generis
776 2264 850 2340 ejus·

56 2344 134 2414 dem,
160 2345 221 2402 haec
242 2343 372 2402 amicitiae
389 2361 535 2415 nunquam
557 2342 752 2418 anteponenda
773 2352 849 2402 sunt.

88 2519 105 2636 i
118 2515 294 2644 ffl'rhntTAL
294 2516 388 2630 1cinisii
400 2579 510 2640 allusion,
526 2580 636 2644 perhaps,
652 2586 678 2630 to
697 2580 736 2629 his
754 2579 850 2628 deifica-

54 2648 128 2726 ἥρω.
137 2647 356 2712 notwithstanding
366 2646 455 2704 which,
469 2647 509 2694 his
526 2647 630 2696 conduct
646 2646 669 2694 is
686 2645 803 2693 oensursd
822 2660 850 2692 as

57 2713 261 2844 Ἥείρρσ.
292 2777 318 2826 Α
328 2775 409 2824 leader
417 2773 447 2823 of
452 2775 493 2824 the
504 2774 590 2833 Stolos,
598 2773 665 2822 third
673 2773 700 2820 in
708 2772 847 2821 mrccession

56 2843 217 2958 {orpffizeno
249 2841 298 2891 His
316 2841 398 2891 works
417 2855 482 2890 were
502 2853 641 2888 numerous.
673 2837 746 2902 Diog.
768 2837 849 2886 Laert.
