1882 3216
330 203 390 252 LlB.
401 205 432 254 ll.
450 207 522 255 ChP.
533 205 585 254 Vll.
792 214 846 270 149

61 342 95 400 ad
116 343 333 404 incolumitatem
354 347 456 412 solum,
485 348 535 405 sed
562 349 647 406 etiam
675 349 708 408 ad
729 369 798 428 opes
818 365 847 413 et

61 423 211 496 potentiam
239 426 312 482 valet
338 425 516 506 plurimum,
529 427 557 483 id
585 427 794 502 amplectamur,
815 443 847 491 ut

61 508 150 556 metus
165 502 245 568 absit,
260 504 359 559 caritas
381 505 546 561 retineatur:
568 507 607 562 ita
625 505 767 576 facillime,
782 529 844 583 qua

60 578 194 646 volemus,
216 590 244 637 et
264 581 379 656 privatis
399 583 428 638 in
449 583 542 648 rebus,
563 593 591 639 et
618 583 648 640 in
676 601 705 641 re
732 589 845 660 publica

59 673 271 727 consequemur.
313 659 438 726 Etenim,
466 661 514 732 qui
536 679 568 718 se
590 663 676 718 metui
699 663 801 734 volent,
827 687 844 724 a

59 734 159 803 quihus
179 747 345 804 mutuentur,
367 737 481 794 eosdem
502 748 626 795 metuant
645 739 711 815 ipsi,
726 760 842 802 necesse

58 821 110 868 est.

66 920 69 926 v
96 889 170 955 Quid
185 893 262 950 enirn
282 896 458 959 accusemne*
480 894 652 969 superiorem
673 895 752 953 illurn
774 897 841 956 trio·

57 969 182 1042 nysium,
208 989 264 1041 quo
289 971 411 1028 cruciatu
431 972 539 1028 timoris
562 972 625 1046 angi
648 973 771 1041 solitum,
792 977 840 1046 qui

56 1047 158 1103 cultros
173 1059 303 1106 metuens
316 1049 480 1115 tonsorios‚†
496 1048 629 1106 candente
644 1051 762 1108 carbone
775 1051 841 1108 adu·

57 1125 133 1180 rebat
142 1125 293 1201 capillum?
306 1126 401 1192 Quint
413 1125 601 1183 Alexandmm
614 1127 840 1200 Pheneumque

55 1203 149 1261 animo
157 1203 263 1260 vixisse
273 1205 451 1262 arbitramur?
464 1205 522 1276 qui,
530 1205 700 1278 utsoriptum
709 1205 839 1281 legimus,

54 1298 119 1339 cum
135 1300 253 1340 uxorem
274 1283 394 1339 Theben
415 1282 564 1339 admodum
586 1281 728 1359 deligeret,
747 1295 839 1342 tamen

53 1359 87 1416 ad
100 1379 165 1418 earn
180 1378 217 1418 ex
230 1361 321 1437 epulis
335 1362 365 1417 in
375 1361 534 1418 cubiculum
545 1361 672 1430 veniens,
682 1363 837 1431 barbarum,

51 1549 170 1607 ticlforoe,
181 1547 230 1597 this
241 1549 326 1612 vigour
337 1547 367 1597 of
378 1549 486 1598 Antaeus.
518 1549 572 1598 The
584 1549 743 1600 descendants
754 1550 785 1600 of
794 1551 838 1600 her

51 1621 115 1663 most
126 1615 213 1662 ardent
222 1613 333 1672 rotarios,
343 1614 420 1662 under
429 1613 528 1662 arrother
535 1622 633 1680 system,
642 1617 775 1664 becumene
784 1617 838 1666 sub-

51 1677 151 1744 missiv'o
162 1679 246 1726 slaves.
279 1678 376 1743 During
387 1679 427 1728 the
443 1679 494 1726 rule
507 1678 537 1728 of
547 1681 682 1742 Augustus,
697 1696 787 1756 among
797 1681 838 1729 the

50 1743 179 1793 consulsis
190 1744 322 1792 numbered
332 1742 369 1791 M.
380 1743 411 1792 T.
421 1743 514 1801 Cicero,
524 1750 550 1792 to
560 1743 642 1792 whom
650 1743 699 1792 this
709 1747 837 1794 treatrseis
857 1751 869 1767 ⁶

49 1809 254 1932 adllndffsrliideraim
263 1887 393 1921 censemus.
426 1871 457 1919 In
468 1885 535 1918 more
545 1870 605 1919 than
616 1886 661 1920 one
669 1871 786 1931 instance,
792 1889 837 1922 our

49 1939 137 1988 author
156 1937 201 1986 has
215 1937 341 2000 employed
359 1953 374 1984 a
392 1935 485 1984 similar
500 1935 670 1984 mnsuacaon
701 1935 749 1984 Pro
765 1936 838 1985 Rosc.

34 2005 107 2052 'Am
119 2003 158 2052 17.
174 2001 260 2058 “Quid
271 2017 361 2060 censes,
373 2001 438 2049 bunc
445 2000 526 2063 ipsum
533 2000 561 2053 S.
572 1999 751 2062 Rosciumque
759 2001 838 2050 studio

48 2084 136 2117 —esse
142 2069 170 2114 l‘'
187 2066 225 2114 Do
232 2067 276 2115 Or.
287 2067 302 2114 i.
312 2067 349 2114 17.
358 2065 445 2122 “Quid
453 2065 672 2130 censen-qualem
683 2065 752 2120 illum
762 2072 838 2115 orato-

50 2149 103 2182 rem
114 2132 258 2181 firturumt’
804 2181 805 2184 Ἴ

80 2197 245 2250 wunsam.
277 2195 434 2244 “Tonsorem
451 2199 525 2253 metu,
538 2194 636 2244 tondere
654 2194 717 2244 filias
728 2211 784 2244 suas
795 2195 835 2244 do-

48 2263 106 2312 cuit
140 2261 261 2318 Quarrun,
276 2266 402 2324 postquam
420 2259 508 2308 adura
526 2260 591 2309 atati
608 2259 837 2322 appropinqubbant,

49 2328 164 2377 manibus
174 2325 267 2374 ferrum
277 2341 326 2373 non
337 2341 410 2372 ausus
421 2324 579 2385 committere,
586 2324 691 2374 instituit
699 2331 727 2374 ut
735 2326 838 2374 cauden·
897 2376 903 2382 ,

49 2393 111 2441 tium
131 2391 284 2456 juglantium
301 2389 473 2452 putaminibus,
490 2391 589 2442 barbam
610 2390 658 2440 sibi
678 2397 703 2439 et
722 2391 837 2453 capillum

49 2457 204 2507 adurerent”
236 2455 289 2503 Val.
309 2455 375 2504 Max.
393 2454 433 2502 lib.
449 2454 482 2503 ix.
500 2471 521 2504 c.
536 2455 574 2504 13.
606 2455 637 2504 In
654 2457 781 2519 narrating
797 2455 839 2503 the

50 2539 116 2571 same
135 2520 333 2578 circumstances,
348 2519 423 2567 Tusa.
434 2535 456 2566 v.
466 2518 513 2578 20,
527 2521 614 2573 Cicero
630 2537 695 2585 says,
706 2520 840 2568 “instituit-

50 2603 94 2648 que
108 2586 271 2636 ut-barbam
285 2584 331 2632 sibi
342 2591 368 2632 et
377 2583 494 2647 capillum
504 2585 654 2634 adurerent.”
687 2582 840 2645 Oudenddlp,

50 2651 219 2714 commenting
227 2666 260 2698 on
270 2649 407 2706 Suetonius,
416 2647 475 2696 Ner.
486 2664 507 2696 c.
519 2649 540 2697 1.
550 2649 644 2698 notiocs
651 2649 693 2697 the
704 2662 805 2710 passage
814 2648 840 2695 in

50 2717 89 2765 the
100 2723 161 2773 text,
177 2716 225 2764 and
240 2714 324 2762 thinks
339 2714 392 2762 that
406 2713 474 2761 there
485 2713 508 2760 is
518 2729 551 2761 no
561 2712 638 2763 defeat
649 2713 675 2760 iu
685 2718 728 2758 not
739 2711 841 2773 naming

49 2782 88 2830 the
94 2781 183 2837 beard;
199 2779 302 2844 capillus
313 2779 394 2842 being,
403 2778 429 2826 in
438 2776 477 2826 his
485 2775 720 2842 opiniomagcneral
729 2772 840 2831 torm,in·

50 2847 152 2912 cluding
163 2845 276 2894 bairand
288 2843 368 2892 beard.

408 2939 462 2994 la*
