1888 3222
96 207 164 264 tas·
383 205 431 254 un
449 201 603 256 cuncus.

132 349 189 417 Qui
209 365 276 406 vcro
289 347 438 424 populares
452 363 484 406 sa
498 339 561 405 esse
574 345 682 414 volunt,
702 349 740 406 ob
759 365 883 423 eamque

94 445 221 486 caussam
236 435 282 484 aut
296 428 430 502 agrariam
443 445 503 485 rem
517 434 633 493 tentant,
653 436 685 484 ut
697 447 883 504 possessores

94 499 153 564 suis
167 503 281 562 sedibus
295 505 441 580 pellantur,
457 514 504 561 ant
517 505 651 581 pecunias
666 506 786 564 creditas
804 507 882 566 debi-

94 584 199 642 toribus
218 582 415 641 condonandas
436 592 543 660 putant,
557 584 578 641 ii
598 583 764 642 labefactant
784 585 883 644 fianda-

92 672 187 720 menta
200 663 240 719 rei
249 662 367 738 publicae
380 681 387 730 3
409 662 587 720 concordiam
599 662 730 738 primum,
743 682 806 735 quae
818 681 883 722 essa

93 758 151 798 non
165 749 266 816 potest,
281 759 345 798 cum
366 741 428 798 aliis
449 739 617 808 adimuntur,
638 741 700 798 aliis
722 742 884 802 condonau·
931 763 932 766 ¹

48 822 51 828 '
94 827 137 875 tur
148 819 291 894 pecuniae:
302 817 401 878 deinde
411 819 578 890 equitarem,
589 837 650 890 quae
660 819 766 876 tollitur
776 823 882 891 omnis,

94 897 120 953 si
134 897 235 956 habere
260 916 342 955 suum
367 898 468 970 cuique
492 898 647 955 nonlicet.
686 897 718 955 Id
744 901 822 956 enim
840 909 885 958 est
931 971 932 974 Ἴ

95 977 239 1052 propriam
258 975 300 1054 (ut
323 983 408 1053 supra
426 975 498 1055 dixi)
513 976 631 1033 civitatis
646 985 728 1048 atque
741 977 832 1046 urbis,
853 988 884 1036 nt

94 1055 131 1111 sit
143 1055 230 1113 libera
243 1065 271 1112 et
283 1074 338 1112 non
349 1055 468 1113 sollicita
478 1073 536 1112 suae
547 1055 588 1112 rei
598 1055 734 1130 cujusque
743 1056 882 1115 custodia.
931 1059 932 1078 ³

133 1135 226 1206 Atque
240 1135 270 1191 in
284 1133 337 1191 hac
350 1133 480 1211 pernicie
493 1135 534 1191 rei
548 1133 666 1209 publicae
680 1153 716 1191 ne
730 1133 809 1192 illam
824 1136 884 1208 qui·
931 1207 932 1216 χ

95 1210 158 1270 dem
173 1223 390 1285 consequuntur,
404 1231 489 1284 quam
505 1220 619 1287 putant,
640 1213 766 1288 gratiam.
806 1214 883 1272 Nam

95 1291 141 1347 cui
156 1309 200 1347 res
215 1301 309 1366 erepta
328 1300 381 1356 est,
403 1302 446 1347 est
465 1291 616 1358 inimicus,
637 1291 683 1347 cui
703 1291 776 1358 data,
799 1295 883 1350 etiam

95 1366 262 1434 dissimulat,
284 1387 315 1425 se
340 1369 467 1443 accipere
491 1369 634 1426 voluisse:
657 1377 685 1425 et
706 1370 833 1428 maxime
854 1372 883 1429 in

95 1445 222 1521 pecuniis
233 1445 343 1502 creditis
357 1446 477 1502 occultat
490 1464 574 1503 suum
587 1446 732 1522 gaudium,
745 1467 782 1504 nc
792 1450 883 1507 videa-

96 1533 140 1578 tur
153 1540 209 1579 non
224 1523 310 1579 fuisse
325 1523 468 1581 solvendo.
510 1525 548 1590 At
560 1543 627 1583 vero
642 1525 698 1592 ille,
714 1527 764 1597 qui
782 1529 884 1606 accipit

96 1600 236 1676 injuriam,
246 1609 274 1657 et
285 1601 420 1669 meminit,
431 1612 460 1658 et
469 1621 526 1678 prae
537 1621 569 1660 se
580 1603 632 1661 fert
642 1603 768 1662 dolorem
780 1625 881 1674 suum;
931 1633 932 1646 ι

96 1696 159 1745 nec,
171 1679 196 1734 si
212 1679 304 1754 plures
324 1691 389 1738 sunt
401 1681 422 1738 ii
437 1682 537 1754 quibus
563 1683 689 1758 improbe
709 1682 807 1742 datum
831 1695 881 1752 ert,

94 1775 182 1828 quam
195 1757 236 1816 illi
250 1759 350 1832 quibus
365 1760 467 1836 injuste
482 1760 623 1818 ademtum
635 1770 686 1828 ast,
700 1760 807 1820 idcirco
821 1764 883 1840 plus
931 1825 932 1828 ,

96 1836 181 1894 etiam
207 1838 310 1896 valent.
351 1839 417 1896 Non
443 1840 519 1896 enim
543 1857 660 1897 numero
674 1839 735 1897 haec
755 1841 885 1917 judican·

96 1924 150 1982 tur,
163 1916 212 1974 sed
224 1917 375 1995 pondere*
415 1919 506 1984 Quam
518 1927 609 1974 autem
619 1917 703 1975 habet
713 1919 885 1991 equitatem,
931 1923 932 1962 l

96 2003 128 2051 ut
152 2013 249 2072 agrum
270 1995 364 2052 multis
387 1998 477 2063 annis,
506 2004 553 2052 aut
579 1996 662 2054 etiam
683 1998 799 2065 seculis,
824 2011 886 2058 autc

98 2091 273 2148 possessum,
289 2074 336 2144 qui
351 2075 457 2132 nullum
469 2074 574 2142 habuit,
592 2075 705 2143 habeat;
727 2077 777 2147 qui
792 2088 886 2138 autem
931 2101 932 2180 p

97 2148 203 2218 habuit,
218 2151 344 2208 amittat?
931 2195 932 2198 η

97 2309 178 2369 party:
195 2305 349 2367 ominentia,
359 2315 385 2359 to
396 2324 440 2358 our
455 2323 511 2357 own
522 2309 644 2373 appetitas.
678 2309 833 2362 Dumesnil‘a
844 2313 887 2382 Sy·
931 2283 932 2378 l

95 2370 400 2501 willihere-parcere.
431 2434 514 2486 Under
525 2439 592 2488 these
608 2439 808 2501 circumstances,
827 2443 887 2492 itis

96 2506 140 2549 not
149 2500 191 2549 the
199 2503 302 2551 number
313 2503 381 2551 alone
390 2503 420 2552 of
429 2503 497 2551 those
508 2505 563 2552 who
574 2521 615 2552 arc
626 2505 733 2554 satisfied
741 2523 770 2554 or
779 2508 887 2558 dissutis-

97 2565 152 2623 fied,
162 2565 244 2614 which
255 2568 331 2632 ought
342 2573 367 2615 to
378 2568 407 2615 bc
423 2569 539 2616 oouuted:
551 2570 620 2618 buta
634 2572 679 2635 jud
723 2578 766 2621 ent
780 2575 886 2624 muetbc

97 2629 189 2677 formed
201 2629 261 2679 ester
272 2632 326 2678 well
344 2631 469 2698 weighing
480 2633 521 2682 the
533 2649 619 2683 causes
629 2635 659 2684 of
697 2642 723 2684 at
733 2639 886 2689 satisfactiou

94 2709 124 2740 or
135 2693 328 2744 dissutisfoction.
