1890 3224
304 199 370 248 LIB.
381 201 426 249 111.
444 199 519 249 cAP.
530 201 648 250 XXVIII.
814 201 870 258 29³

89 419 181 478 CAP.
195 418 335 480 XXVIII.
361 421 430 490 Qttae
445 428 546 481 contro
559 421 709 500 Regulum
719 421 870 503 dicuntur:

195 498 302 574 quibus
320 500 506 577 argumentis
520 499 580 558 lucc
593 498 770 578 refellantur.

130 655 331 734 Pnnvnnruur
346 656 475 713 homines
489 675 532 723 ea,
543 674 604 726 quae
619 664 685 714 suut
693 655 873 714 fundamenta

86 741 203 800 nature,
225 750 290 790 cum
311 734 458 792 utilitatem
483 736 516 792 ab
543 734 687 812 honestate
712 735 870 810 sejungimt.

88 811 199 868 Omnes
213 811 289 867 enim
309 813 468 888 expetimus
482 812 638 878 utilitatem,
653 810 688 868 ad
701 828 818 883 earnque
832 829 874 868 ra·

88 889 194 965 pimus,
219 906 272 945 nec
297 889 386 947 secere
414 891 493 946 aliter
519 889 576 946 ullo
602 888 686 946 modo
711 899 872 964 possumus.

89 966 167 1024 Nam
182 966 245 1039 quis
266 977 318 1034 est,
334 968 382 1038 qui
402 967 482 1024 utilia
500 966 607 1042 fugisti
628 974 675 1023 aut
691 966 754 1038 quis
767 965 871 1041 potius,

88 1044 186 1116 quiea
206 1062 263 1101 uon
283 1045 490 1102 studiosissime
510 1043 711 1119 persequatur?
732 1043 790 1100 Sed
808 1042 874 1114 quia

89 1140 228 1193 nusquam
242 1141 406 1199 possumus,
421 1124 478 1180 nisi
492 1123 521 1179 in
541 1121 632 1189 laude,
647 1120 757 1188 decore,
771 1121 873 1178 hones·

90 1208 145 1257 tate
160 1200 239 1257 utilia
251 1202 383 1276 reperire,
398 1210 546 1278 propterea
558 1200 606 1256 illa
619 1199 709 1275 prima
722 1207 751 1255 et
763 1213 888 1254 summa*

88 1277 245 1346 habemus3
266 1279 391 1336 utilitatis
412 1297 517 1336 nomen
530 1296 588 1335 non
608 1287 664 1335 tam
684 1273 872 1352 splendidum,

89 1373 174 1428 quam
189 1357 379 1416 necessarium
392 1357 531 1416 ducimus.

130 1433 206 1499 Quid
225 1442 268 1491 est
287 1435 381 1510 igitur,
396 1435 498 1492 dixerit
517 1434 590 1507 quis,
606 1433 635 1490 in
653 1433 716 1509 jure
734 1429 872 1509 jurando?

91 1511 171 1569 Num
192 1511 293 1568 iratum
315 1513 447 1572 Ilmemus
468 1512 591 1570 Joveml
612 1512 650 1569 It
666 1510 721 1569 hoc
742 1507 874 1581 quidem*

90 1607 240 1647 commune
251 1599 295 1646 est
308 1591 434 1646 omnium
449 1589 694 1664 philosophorum,
705 1605 761 1646 non
776 1603 873 1644 eornm

90 1665 186 1733 modo,
213 1667 261 1739 qui
289 1666 373 1724 deum
400 1666 472 1722 nihil
498 1667 601 1723 habere
635 1667 728 1723 isum
755 1662 875 1740 negotiil

91 1743 231 1822 [dicunt],
245 1744 318 1802 nihil
338 1744 471 1801 exhibere
486 1743 590 1816 alteri,‡
603 1685 764 1800 sedentum
778 1742 872 1806 etiam,

62 1864 65 1870 ,
91 1824 141 1895 qui
154 1821 237 1880 deum
251 1840 364 1898 semper
380 1839 461 1898 agere
476 1820 590 1893 aliquid,
602 1830 630 1876 et
643 1819 751 1891 moliri§
766 1818 873 1883 volunt,

89 1918 243 1973 numquam
265 1918 318 1958 nec
339 1900 422 1957 irasci
446 1898 540 1965 deum,
556 1899 623 1970 nect!
648 1912 759 1954 nocere.
798 1893 875 1961 Quid

337 2053 500 2103 GIIAPTER
515 2050 636 2102 XXVIII.
698 2065 710 2103 t

122 2136 138 2170 ⁸
155 2134 190 2183 At
200 2133 241 2182 ltoc
252 2131 355 2208 ptidcrn.
387 2133 468 2182 These
479 2133 566 2190 words,
577 2131 675 2195 ending,
686 2126 805 2177 intulistis
815 2125 875 2176 dici-

89 2208 140 2259 tur,
151 2215 192 2248 are
208 2199 339 2247 attributed
349 2205 375 2247 to
387 2197 428 2246 tho
447 2197 603 2246 interlocutum
620 2195 676 2244 who
695 2193 717 2241 is
734 2192 875 2242 introdnoed

90 2263 200 2330 denying
210 2264 252 2312 the
263 2264 335 2312 merit
346 2263 376 2311 of
386 2262 423 2311 Re
458 2263 504 2310 lus.

126 2329 136 2382 l
155 2329 378 2392 Eorum—negotii.
446 2325 629 2388 eEpicureans.
656 2323 694 2373 De
705 2321 762 2371 Not.
773 2321 803 2371 D.
814 2323 876 2373 i.1't.

90 2394 141 2444 and
162 2393 201 2442 20.
233 2393 330 2442 Lucret.
353 2392 369 2441 i.
389 2392 427 2440 57.
444 2391 474 2439 V.
493 2389 532 2438 8³.
564 2389 655 2452 Bishop
677 2387 767 2438 Peiros
789 2388 876 2454 rejects

91 2459 185 2507 dicunt.

124 2523 137 2575 I
153 2520 273 2571 Echiherc
289 2520 373 2572 alteri:
389 2521 480 2583 negotii
500 2517 659 2575 understood;
678 2523 701 2565 to
715 2517 771 2580 gius
787 2513 876 2565 trouble

91 2595 115 2637 to
127 2587 240 2645 anacim
257 2603 283 2636 as
294 2586 373 2635 in'the
384 2584 473 2642 Greek,
484 2589 625 2649 πράγματα
637 2583 754 2646 ταρίχων.

125 2651 140 2711 d
158 2651 326 2709 Qui-moliti.
358 2649 413 2698 Tha
429 2647 515 2706 Stoico,
526 2649 553 2697 in
570 2647 708 2711 particular,
726 2659 767 2694 ure
782 2643 877 2692 alluded

90 2725 132 2766 to:
144 2718 188 2766 but
197 2717 239 2765 the
250 2714 395 2765 Academico
407 2713 455 2762 aud
465 2713 623 2776 Peripateticis
634 2711 675 2760 did
686 2716 729 2759 not
738 2708 877 2773 assentiilly

93 2780 166 2832 differ
178 2780 241 2830 from
252 2781 319 2830 them
330 2795 362 2829 on
373 2778 422 2827 this
433 2777 503 2826 head.

123 2847 138 2910 l]
157 2843 295 2909 Ncmptnm
306 2858 431 2893 occ-racc.
463 2843 573 2892 Another
590 2841 699 2889 instance
718 2838 775 2886 hore
793 2851 884 2886 occurs·

1 2917 3 2952 ἴ
93 2911 126 2960 of
137 2910 224 2959 double
235 2909 365 2974 negativos.

356 3023 360 3030 .
459 2969 515 3046 ss*
