1888 3222
331 219 448 270 unua
465 221 541 270 cAP.
553 219 594 271 Ν.
804 227 859 283 221

72 361 170 420 Vicit*
183 381 252 440 ergo
269 362 371 421 utilitas
391 362 587 422 honestateml
627 362 719 424 Immo
733 383 799 424 vero
812 367 863 426 ho-

70 452 211 500 nestatem
232 441 336 498 utilitas
361 451 406 500 est
428 451 587 499 consecuta.
628 441 734 516 Itaque,
749 454 780 502 ut
797 447 861 504 sine

69 521 131 578 ullo
144 539 238 578 errore
249 519 401 596 dijudicare
413 521 566 595 possimus,
577 520 603 576 si
616 521 728 592 quando
738 541 803 582 oum
812 525 861 583 illo

70 598 157 672 quod,
165 599 316 658 honestum
337 597 529 674 intelligimus,
544 616 667 674 pugnare
681 599 710 657 id
723 601 861 660 videbitur

70 676 149 748 quod
172 677 347 754 appellamus
360 675 438 744 utile,
463 675 582 734 formula
606 677 732 749 quedam
757 683 860 738 consti·

70 755 177 813 tuenda
196 766 249 823 est,
264 771 348 827 quam
372 755 397 811 si
418 771 570 826 sequemur
595 755 625 812 iu
652 760 859 832 comparatione

35 859 39 864 ·
70 839 176 902 rerum,
192 835 226 892 ab
241 832 335 894 officio
349 851 503 905 numquam
516 831 690 896 recedemus.
786 875 790 886 .

111 913 176 970 Erit
188 922 282 970 autem
295 911 356 970 hec
369 910 488 970 sormuls
509 909 668 974 Stoicorum
690 913 789 972 rationi
802 915 859 974 dis.

68 991 384 1145 lilllldl⁰pdillli
401 993 858 1141 tltdlsslndhdlu

67 1158 98 1206 et
111 1167 128 1204 a
140 1148 281 1206 veteribus
306 1145 493 1210 Academicis,
507 1154 564 1206 eta
583 1145 777 1222 Peripateticis
797 1167 859 1206 ves·

67 1226 134 1288 trisi
147 1227 195 1298 qui
210 1225 352 1298 quondam
365 1223 450 1282 iidem
463 1233 550 1289 erant,
565 1242 628 1296 que
647 1223 766 1282 honesta
781 1236 857 1294 sunt,

68 1315 277 1381 anteponuntur
286 1303 323 1361 iis
334 1320 396 1376 quse
406 1301 534 1360 videntur
546 1302 642 1368 utilius
657 1311 750 1362 tamen
763 1303 857 1380 splen·

68 1383 164 1441 didius
181 1383 242 1440 hec
262 1383 296 1440 ab
316 1382 358 1439 eis
380 1377 699 1452 disserunmrsquilius,
721 1381 858 1455 quidquid

68 1462 221 1520 honestum
235 1470 289 1528 est,
303 1459 378 1523 idern
391 1459 459 1517 utile
479 1459 597 1526 videtur,
617 1477 670 1517 nec
689 1459 758 1517 utile
778 1461 857 1534 qnid·

69 1559 155 1613 quam
169 1538 254 1612 lquod
277 1557 335 1598 non
354 1537 523 1606 honestumr
544 1555 627 1610 quam
642 1539 677 1596 ab
690 1538 736 1607 iis,
754 1540 856 1611 quibus

68 1619 221 1678 honestum
235 1615 339 1691 aliquid
352 1635 409 1674 non
425 1616 504 1682 utile,
519 1628 568 1672 aut
586 1615 654 1674 utile
678 1635 735 1674 non
754 1617 857 1676 hones·

68 1707 138 1769 tum.
170 1697 273 1767 vNobis
300 1705 394 1758 autem
414 1695 516 1751 'nostra
541 1693 693 1750 Academia
724 1713 855 1771 magnam

67 1775 211 1834 licentiam
235 1775 291 1842 dat,
311 1783 342 1832 ut
360 1771 547 1845 quodcunque
569 1772 691 1828 maxime
714 1774 856 1848 probabile

67 1864 204 1921 occurrat,
229 1853 259 1910 id
285 1864 382 1912 nostro
398 1852 463 1928 jure
483 1849 581 1922 liceatss
598 1847 756 1907 defendere.
797 1850 856 1910 Sed

65 1933 153 1992 redeo
167 1931 202 1990 ad
215 1931 373 1992 formulam.

98 2139 114 2172 ἱ
131 2135 205 2186 Vae.
235 2133 308 2184 with
314 2133 425 2194 allusion,
433 2131 635 2246 probablptothe
641 2131 713 2182 doeth
724 2131 755 2182 os
763 2132 854 2186 Cesar.

96 2201 111 2254 i
122 2200 296 2266 Peripateticis
314 2199 409 2249 vestm.
440 2197 511 2247 Aster
548 2196 617 2246 lato’s
632 2197 712 2258 death,
723 2197 762 2248 his
773 2199 856 2250 school

65 2266 176 2316 dirided:
192 2264 309 2314 Aristode
320 2266 419 2314 beesme
428 2261 470 2326 the
481 2262 543 2312 heed
554 2261 584 2310 cf
594 2263 647 2313 urst
654 2264 748 2328 portion
759 2264 789 2314 of
799 2265 820 2314 it
830 2272 856 2315 to
904 2277 908 2292 ¹

63 2331 148 2380 which
158 2345 210 2379 was
221 2330 295 2394 given
304 2329 346 2379 the
357 2343 429 2378 name
440 2327 470 2376 of
480 2326 647 2390 Peripateties3
666 2328 708 2378 the
719 2329 855 2380 remsinder
931 2385 935 2396 ,

64 2397 143 2445 rmder
153 2395 196 2444 the
207 2395 312 2444 conduct
321 2394 352 2444 of
363 2394 517 2452 xenocrates,
527 2391 636 2444 retained
646 2393 688 2444 tlte
699 2395 819 2464 doctrines
830 2395 860 2446 of

63 2459 143 2519 Plato,
154 2461 203 2509 aud
211 2460 252 2509 the
263 2459 408 2524 appelletion
416 2457 446 2507 of
456 2457 610 2507 Acedemies.
766 2491 768 2502 .

95 2524 257 2578 tldcenttam
268 2523 311 2572 aar
321 2523 459 2572 iat-tosa.
491 2521 568 2571 ooo
584 2522 707 2572 mone.
718 2523 747 2573 or
757 2505 806 2594 An
817 2539 853 2574 ra

63 2589 175 2640 dundanl
186 2590 257 2639 mode
267 2589 297 2639 ot*
307 2587 447 2654 expression
461 2602 503 2636 ere
520 2586 602 2646 found,
612 2587 628 2636 i.
639 2587 662 2636 ³.
673 2588 854 2650 definiunt-ut

62 2654 228 2718 -ddieiaat
244 2654 279 2705 iii.
289 2653 312 2704 8.
323 2651 581 2776 ddiheraptoipm-qui
590 2650 729 2702 deliberant
