1882 3216
56 40 64 93 il

82 175 137 230 lat
269 151 272 158 ’
364 173 413 221 us
430 169 583 222 unricus.

79 315 233 392 sapientie
274 313 419 392 Sapientia
439 325 531 373 autern
551 323 605 383 est,
627 312 670 394 (nt
689 333 706 372 a
725 315 878 376 veteribus

79 393 258 470 philosophis
286 392 431 452 definitum
459 394 516 472 est)
540 412 633 450 rerum
658 393 816 452 divinarum
844 405 881 452 et

80 473 274 534 humanarum.
296 491 523 562 causarumque,
546 475 646 544 quibus
672 474 715 529 hae
737 491 780 530 res
803 493 880 532 con-

80 551 210 618 tinemut,
235 551 369 608 scientia:
400 553 480 627 cnjus
503 551 625 608 studium
648 552 696 623 qui
719 552 877 626 vituperat,

80 629 153 686 haud
168 647 236 686 sane
251 629 388 706 intelligo,
403 629 537 702 quidnam
552 630 599 696 sit,
608 629 682 702 qnod
697 628 878 689 laudandum

121 715 167 765 tet.

80 725 196 843 puNalm
211 786 271 842 sive
285 759 432 844 oblectatio
447 787 578 858 qnaeritnr
593 785 680 842 animi
699 786 877 858 requiesque

81 881 310 937 curarumque
326 860 444 922 conferri
459 883 522 921 cum
538 882 635 921 eorum
650 863 750 921 studiis
764 867 875 939 potest,

81 943 130 1015 qni
158 962 270 1020 semper
297 943 400 1014 aliquid
427 943 585 1014 anquirunt,
610 940 684 1014 quod
710 954 818 1032 spectet
842 955 879 1000 et

81 1023 172 1080 valeat
198 1023 232 1080 ad
258 1023 330 1079 bene
350 1023 489 1112 beateque
515 1020 684 1077 vivendum?
714 1023 773 1077 sive
799 1021 877 1080 ratio

81 1102 244 1158 constantiae
264 1101 428 1189 virtutisque
450 1099 595 1165 ducllum*
608 1098 662 1155 aul
683 1091 753 1155 haec
757 1117 800 1155 ars
816 1110 875 1167 est,

82 1190 129 1236 aut
155 1180 230 1237 nulla
257 1179 382 1241 omnino
411 1196 461 1254 per
489 1196 571 1249 quam
600 1191 665 1233 eas
679 1195 877 1250 assequamur.

83 1255 198 1314 Nullam
214 1257 305 1314 dicere
318 1258 502 1312 maximarum
515 1274 607 1312 rernm
620 1265 707 1312 artem
718 1274 791 1321 esse,
804 1274 874 1313 curn

82 1335 261 1392 minimarum
274 1334 334 1389 sine
347 1345 402 1388 arte
416 1333 491 1390 nulla
502 1334 548 1399 sit,
559 1333 705 1390 hominum
718 1346 762 1391 est
771 1352 877 1410 parum

83 1411 256 1470 considerate
276 1411 460 1481 loquentium,
483 1423 564 1482 atque
586 1411 615 1469 in
635 1413 767 1482 maximis
788 1413 877 1469 rebus

83 1489 243 1547 errantium.
286 1487 317 1544 si
328 1500 419 1545 autem
429 1499 473 1544 est
467 1489 574 1560 aliqua
584 1477 733 1565 disciplina
744 1490 876 1558 virtutis;

83 1567 131 1625 nbi
156 1584 190 1622 ea
215 1575 361 1638 queretur,
388 1585 452 1624 cum
478 1568 511 1623 ab
537 1567 591 1625 hoc
617 1567 743 1625 discendi
769 1588 878 1646 genere

83 1644 269 1702 discesseris?
309 1644 367 1702 Sed
394 1646 464 1710 haec,
492 1663 558 1702 cum
592 1645 627 1702 ad
660 1647 877 1724 philosophiam

83 1723 271 1790 cohortamur,
287 1724 440 1781 accuratius
455 1723 590 1802 disputari
604 1723 710 1784 solent·
714 1725 802 1798 quod
818 1726 878 1782 alio

83 1801 204 1874 quodam
235 1802 320 1864 librol
345 1802 474 1860 fecimus
525 1798 590 1860 Hoc
622 1813 714 1860 antem
746 1813 929 1880 tempore

84 1890 191 1940 tanturn
217 1883 299 1940 nobis
328 1867 522 1940 declarandum
549 1880 610 1948 fuit,
639 1899 690 1938 cnr
716 1883 804 1952 orbati
834 1883 878 1940 rei

84 1961 203 2036 publicae
214 1960 376 2018 muneribus
388 1959 488 2017 adhoc
499 1977 551 2018 nos
560 1957 682 2020 studium
692 1961 879 2046 potissimum

85 2039 312 2098 contulissemus.

373 2260 533 2310 euterun
551 2262 582 2309 ll.

117 2391 132 2422 '⁸
154 2341 302 2451 Wituticque
319 2388 425 2440 ducitur
456 2389 586 2439 Rationem
600 2391 708 2454 alicujus
726 2391 822 2476 ducere,
834 2392 883 2442 has

85 2454 127 2503 the
139 2469 206 2502 same
217 2454 333 2518 meaning
344 2472 371 2502 as
381 2456 498 2504 rationem
510 2455 601 2505 lubere.
638 2493 639 2496 ι

118 2519 132 2571 i
148 2518 205 2567 Alio
223 2517 323 2582 qrcndum
342 2519 408 2568 libro.
440 2519 463 2568 A
482 2521 603 2584 marginal
614 2527 670 2569 note
683 2520 709 2566 in
720 2536 766 2570 one
778 2519 837 2570 MS.
849 2538 883 2570 011

86 2584 136 2631 this
152 2600 223 2658 passa
223 2534 392 2633 wointimntes
408 2583 462 2631 that
473 2584 514 2632 the
525 2586 588 2634 book
599 2586 656 2635 thus
668 2583 773 2634 referred
791 2593 817 2634 to
827 2602 883 2635 was

86 2647 207 2696 inscribed
247 2649 366 2696 ortenaius
367 2647 565 2722 ‚Onnsortnnately
576 2651 629 2698 lost
661 2650 695 2697 St
707 2653 748 2698 An
796 2650 843 2708 tin,
855 2651 883 2698 in

86 2709 126 2758 his
137 2711 292 2766 confessione,
303 2711 370 2760 lib.''
354 2712 388 2760 ni.
400 2727 421 2759 c.
432 2710 523 2769 turus
534 2713 626 2761 alludcs
637 2721 663 2761 to
674 2714 705 2761 it:
738 2713 807 2762 “Ille
818 2713 883 2762 liber

87 2775 190 2822 mutavit
201 2775 315 2822 affectum
327 2791 416 2832 meum,
427 2782 451 2823 et
468 2777 498 2823 ad
514 2776 637 2836 teipsum,
649 2777 763 2835 Domine,
774 2779 882 2842 mutavit

88 2849 170 2895 preces
181 2852 262 2892 mem
277 2843 301 2886 et
312 2845 374 2896 voto,
385 2839 543 2992 updesideria
554 2855 609 2887 rnen
620 2840 678 2888 fecit
688 2841 760 2888 olio.‘'

419 2959 451 3105 ,4-

749 2665 796 2713 gua
