1896 3220
99 183 135 237 1ss
379 177 427 226 DE
446 178 597 228 OFFIGIIS.

97 321 194 379 invicti
215 321 405 398 magnitudine
431 341 463 378 ac
482 323 597 389 robore;
625 328 672 378 aut
691 321 721 379 iu
740 319 881 389 omniurn,

98 419 159 472 quae
174 401 253 468 frunt,
276 419 393 472 quaeque
414 401 552 467 dicuntur,
575 400 672 457 ordine
691 409 720 456 et
739 399 836 468 modo,
852 401 883 458 iu

81 531 84 536 ,
98 495 154 549 quo
165 481 239 535 inest
251 479 389 536 modestia
401 490 429 536 et
443 480 631 554 temperantia.

138 557 207 622 Quae
217 569 334 628 quatuor
347 577 515 629 quamquam
531 558 601 613 inter
610 576 640 614 se
655 556 784 633 colligata
797 565 882 628 atque

97 635 239 715 implicata
252 639 344 702 sunt*
357 648 448 694 tanren
462 655 498 692 ex
513 633 630 711 singulis
642 646 716 692 certa
724 635 882 692 officiorum

98 731 200 788 genera
213 725 372 772 nascuntur.
412 715 499 771 Velut
510 733 547 770 ex
562 734 594 770 ea
608 729 694 790 parte,
707 733 769 786 quae
790 714 883 788 prima

98 791 186 848 deseri
191 803 237 868 pta
245 804 298 860 est,
314 793 344 850 in
358 813 413 864 qua
425 793 591 868 sapientiam
604 803 632 850 et
646 791 819 868 prudentiam
832 809 883 866 po·

98 869 202 937 nimus,
217 871 291 928 inest
304 872 443 948 indagatio
464 881 545 942 atque
566 871 690 928 inventio
708 870 786 936 veri;
807 869 883 945 ejus·
938 881 939 886 ’

98 966 152 1022 que
167 950 274 1006 virtutis
289 951 343 1007 hoc
357 969 458 1008 munus
473 960 516 1006 est
529 951 683 1025 proprium.
828 987 832 994 ·

138 1027 178 1084 Ut
191 1028 266 1085 enirn
281 1028 399 1101 quisque
419 1030 543 1086 maxime
563 1027 707 1103 perspicit,
725 1024 793 1098 quid
807 1024 838 1082 in
852 1043 882 1082 re

96 1125 206 1178 quaque
228 1109 406 1166 verissimum
428 1109 473 1172 sit,
490 1107 593 1177 quique
615 1105 774 1162 acutissime
796 1113 824 1160 et
838 1121 884 1162 ce·

97 1183 209 1242 lcrrirne
224 1196 316 1260 potest
328 1195 357 1242 et
371 1185 463 1240 videre
479 1194 507 1240 et
526 1184 666 1257 explicare
687 1183 833 1249 rationem,
857 1183 883 1238 is

97 1263 332 1337 prudentissimus
347 1273 375 1318 et
388 1261 612 1336 sapientissimus
627 1263 678 1320 rite
692 1261 788 1320 haberi
800 1260 882 1318 solet.

99 1340 237 1405 Quocirca
251 1340 326 1405 huic,
343 1341 421 1410 quasi
442 1339 565 1405 materia,
590 1359 674 1412 quam
695 1348 792 1398 tractet
811 1339 885 1396 etin

98 1436 154 1490 qua
167 1429 300 1484 versetur,
316 1419 441 1494 subjecta
453 1429 496 1474 est
510 1417 621 1476 veritas.

138 1495 267 1567 Reliquis
286 1505 378 1552 autem
399 1497 484 1553 tribus
507 1494 686 1574 [virtutibus]
700 1495 883 1554 necessitates

98 1575 250 1650 propositae
268 1585 334 1630 sunt
354 1573 387 1630 ad
408 1593 455 1630 eas
477 1593 520 1630 res
541 1573 882 1650 parandas'tuendasque,

99 1652 200 1723 quibus
215 1653 287 1709 actio
301 1653 364 1708 vitoe
378 1653 551 1719 continetun
572 1665 604 1710 ut
617 1666 645 1710 et
658 1654 776 1710 societas
792 1652 885 1709 horni-

98 1747 166 1786 nunr
181 1731 395 1810 conjunctioque
410 1743 552 1797 servetur;
574 1741 602 1788 et
615 1733 700 1788 animi
717 1730 886 1788 excellentia

98 1810 326 1884 magnitudoque.
348 1829 413 1868 curn
433 1811 463 1867 in
484 1810 618 1886 augendis
639 1810 740 1886 opibus
760 1808 885 1866 utilitati-
940 1821 941 1824 ’

98 1887 206 1960 busque
221 1900 249 1946 et
262 1889 315 1946 sibi
331 1899 359 1946 et
372 1890 431 1946 suis
443 1887 647 1962 comparandis,
658 1901 715 1946 tum
727 1888 814 1945 multo
827 1905 885 1944 ma·

99 1967 142 2041 gis
157 1968 186 2022 in
201 1967 244 2024 his
258 1968 330 2042 ipsis
343 1966 543 2042 despiciendis,
553 1967 669 2024 eluceat.
691 1965 768 2025 Ordo
778 1975 884 2033 autem,

99 2055 127 2100 et
140 2047 304 2111 constantia,
319 2059 347 2101 et
360 2045 522 2110 moderatio,
539 2054 567 2100 et
581 2064 623 2111 ea,
640 2053 775 2116 quaesunt
786 2043 832 2100 his
847 2044 885 2100 si·

99 2122 186 2188 milia,
201 2133 346 2178 versantur
366 2123 394 2178 in
408 2140 443 2179 eo
464 2139 575 2196 genere,
598 2121 632 2179 ad
654 2121 727 2194 quod
749 2130 792 2178 est
806 2120 885 2178 adhi-

99 2195 275 2258 benda'actio
290 2199 427 2271 quaedam,
448 2218 504 2257 nou
523 2201 615 2258 solum
636 2201 738 2258 mentis
759 2199 885 2274 agitatio.

100 2276 156 2335 His
179 2279 254 2336 enim
272 2273 365 2346 rebus,
387 2297 448 2351 quae
468 2287 617 2337 tractantur
636 2279 666 2338 in
686 2279 751 2346 vita,
766 2277 886 2336 modurn

131 2485 145 2513 ’
156 2483 353 2546 implicatorum.
364 2487 367 2494 '
386 2487 465 2533 'l'lrese
477 2487 565 2534 virtues
578 2493 620 2533 not
632 2487 689 2547 only
700 2487 762 2534 liare
774 2501 790 2534 a
801 2501 887 2537 neces·

99 2563 156 2609 sacy
170 2547 282 2608 relation,
294 2552 336 2596 but
349 2551 405 2608 they
418 2552 480 2596 lrave
492 2565 506 2596 n
519 2565 647 2611 necessary
661 2551 766 2597 reliance
778 2565 809 2596 on
823 2555 905 2608 euch.

99 2613 190 2659 other's
202 2613 251 2657 aid.
285 2613 410 2659 Prudeuce
422 2614 559 2673 enttgtuens
569 2616 585 2660 J
589 2617 663 2661 ustice
674 2615 697 2659 in
705 2615 745 2660 the
753 2613 888 2678 discharge

100 2677 129 2720 os
144 2678 187 2722 her
198 2676 293 2733 datlen,
311 2677 424 2738 Conrage
443 2679 462 2724 is
474 2679 540 2724 osten
553 2679 667 2742 requisite
679 2687 703 2722 to
721 2679 812 2725 rustain
829 2679 889 2727 Jus-

100 2739 164 2797 tlce3
181 2742 224 2785 but
236 2747 260 2785 to
277 2747 379 2798 prevent
391 2743 444 2788 that
457 2742 569 2802 Conragc
586 2745 649 2788 from
661 2741 790 2801 becomiug
806 2741 889 2791 Rach-

123 2817 168 2864 ·sr,
176 2803 343 2864 'temporanee
354 2819 383 2870 or
393 2805 550 2856 Moderation
560 2803 695 2868 prescribes
707 2804 737 2853 ita
748 2807 855 2856 bouodr.
