1890 3224
79 185 135 238 308
363 191 410 242 DE
428 193 582 240 omens.
640 201 643 204 '

79 327 176 388 Potest
189 332 273 408 igitur
285 334 438 407 quidquam
459 351 523 390 esse
545 331 624 399 utile,
640 333 717 405 quod
739 335 777 391 sit
798 336 867 393 hnic

78 406 174 466 talium
188 411 319 468 virtutum
333 412 420 469 choro
432 412 622 469 contrarium?
644 413 732 485 Atqui
744 415 778 469 ab
787 415 869 472 Aris·

77 485 157 562 tippc
171 486 195 544 C
250 489 333 556 nuci,
348 500 431 562 atquc
441 490 604 548 Annicerii*
619 488 803 568 [philosophi
817 512 868 550 no·

77 565 198 632 minati,l
238 569 451 626 omnebonum
476 569 506 626 in
530 569 674 644 voluptate
699 581 866 647 posuerunt,

77 642 262 715 virtutemque
276 656 446 704 censuerunt
459 648 495 704 cb
510 665 573 704 eam
594 666 654 705 rem
674 667 738 705 esse
752 648 869 706 laudan·

78 717 152 787 dam,
165 720 240 794 quod
253 723 380 782 efficiens
394 734 470 782 esset
483 725 652 801 voluptatis:
667 727 770 798 quibus
784 729 869 785 obso-

77 795 158 872 letisss
180 799 262 858 floret
275 802 426 878 Epicurus,
441 803 570 879 ejusdem
590 803 648 861 scre
671 805 782 881 adjutor
803 825 868 863 anc-

77 881 175 948 tcrque
197 881 352 939 sentcntiae.
393 882 469 939 Cum
488 882 545 949 his,
565 883 633 939 viris
655 884 822 957 aquisque,§
837 895 870 942 nt

75 951 186 1022 dicitur,
201 957 227 1013 si
240 959 415 1017 honestatem
436 961 508 1017 tueri
528 979 561 1018 ac
583 961 704 1018 retinere
726 964 867 1023 sententia

75 1041 129 1097 est,
144 1034 342 1094 decertandum
355 1047 408 1095 cst.

115 1111 191 1170 Nam
203 1114 228 1170 si
242 1133 300 1173 non
313 1115 398 1174 modo
411 1117 525 1184 utilitas,
537 1116 588 1174 sed
598 1117 656 1174 vita
667 1119 761 1177 omnis
773 1121 865 1186 beata,

76 1191 202 1264 corporis
215 1192 297 1250 firma
307 1195 515 1262 constitutione,
527 1195 645 1271 ejusque
657 1198 866 1256 constitutionis

74 1283 126 1341 spc
141 1268 293 1343 explorata,
307 1281 369 1328 uta
382 1272 557 1341 Metrodoron
573 1275 709 1351 scriptum
730 1291 784 1342 est,
800 1295 864 1334 con·

73 1343 190 1403 tinctor:
219 1359 293 1405 certe
321 1349 383 1406 haec
410 1353 524 1421 utilitas,
553 1363 582 1410 et
606 1353 722 1423 quidem
753 1373 863 1412 summa

73 1418 127 1495 (sic
141 1424 216 1480 enim
229 1428 358 1501 censent)
368 1445 432 1484 cum
444 1430 745 1506 honestate'pugnabit.
787 1433 817 1490 N
819 1451 862 1490 am

71 1498 119 1554 ubi
133 1500 256 1572 primurn
268 1503 423 1576 prudentiae
437 1505 517 1563 locus
531 1501 656 1581 dabitur}
686 1510 861 1577 Anutcon·
929 1525 933 1590 f

72 1575 162 1644 quirat
182 1577 305 1650 undique
327 1583 497 1640 suavitates?
539 1586 630 1651 Qunam
653 1588 742 1644 miser
755 1590 862 1646 virtutis
932 1597 933 1650 l

71 1651 228 1722 famulatus,
263 1658 410 1717 servientis
445 1654 598 1738 voluptati!
650 1664 736 1730 Quod
769 1677 862 1724 autem

70 1748 172 1788 munus
186 1733 361 1808 prudentiael
401 1739 446 1796 An
456 1741 549 1816 legere
563 1741 751 1820 intelligenter
765 1747 863 1822 volup-

69 1811 157 1867 tetes?
178 1811 236 1874 Fac
249 1813 321 1872 nihil
334 1815 389 1876 isto
400 1835 464 1874 esse
474 1819 644 1894 jucundius3
665 1821 735 1893 quid
746 1825 865 1900 cogitari
932 1829 933 1886 l

96 2001 115 2051 ’θ
132 2017 267 2071 Annicerii.
299 2017 469 2088 Philosophers
485 2027 541 2077 who
551 2028 608 2076 take
625 2030 690 2079 their
707 2041 782 2080 name
798 2031 864 2082 from

66 2081 203 2143 Anniceris,
215 2083 348 2154 ’dnlcqun
355 2091 399 2139 the
408 2091 463 2140 fifth
471 2092 603 2142 instructor
612 2094 639 2142 in
648 2097 789 2146 succession
797 2098 864 2146 from

65 2145 212 2210 Aristippus,
223 2152 250 2200 in
266 2152 307 2201 the
318 2151 438 2218 Cyrennic
455 2157 553 2206 schoot-
576 2159 616 2208 He
636 2161 765 2210 redeemed
783 2161 863 2220 Plato,

927 2129 933 2162 t

65 2209 121 2258 who
132 2211 180 2260 had
191 2215 251 2263 been
263 2217 315 2266 sold
326 2217 378 2268 intn
389 2216 491 2284 slavery,
502 2221 565 2271 from
574 2223 615 2272 the
625 2229 709 2287 tyrnnt
716 2225 864 2290 Dionysius.
932 2211 933 2222 ἢ

66 2335 72 2346 .
96 2273 107 2324 l
123 2275 262 2342 Philosophi
273 2284 408 2350 nominati..
429 2284 512 2335 These
524 2293 574 2336 two
582 2289 671 2355 words,
679 2290 775 2355 thcu'gh
783 2291 861 2341 found

64 2351 91 2384 m
103 2339 134 2386 ull
146 2339 224 2400 MSS..
236 2359 278 2393 cre
289 2349 405 2413 probably
417 2351 537 2412 spurious.

96 2401 248 2466 totototo.
280 2409 363 2459 When
380 2415 420 2462 the
432 2414 497 2464 fumo
508 2416 537 2466 of
549 2416 673 2480 Epicurus
684 2435 736 2468 was
747 2420 812 2484 fiilly
823 2439 860 2471 es
932 2401 933 2410 ἶ

34 2501 37 2509 .
64 2467 188 2528 tnbllshed.
206 2471 254 2520 less
271 2489 323 2524 was
341 2476 416 2527 heard
427 2480 456 2526 of
467 2481 508 2528 the
519 2483 642 2545 Cyrennic
662 2485 820 2534 school—He
838 2488 861 2536 is

63 2532 139 2582 called
151 2535 260 2598 ejusdem
265 2538 321 2600 sere
333 2543 428 2605 adjutor
439 2547 580 2605 centenum
591 2565 619 2597 ns
630 2549 694 2598 their
705 2557 784 2599 tenets
791 2567 859 2601 were

64 2601 107 2644 not
117 2599 235 2663 precisely
246 2603 287 2648 the
299 2619 373 2650 same.
406 2607 479 2671 Dicg.
491 2609 572 2658 Laert
584 2612 609 2660 ii.
622 2613 660 2660 89.

92 2659 106 2730 d
127 2659 324 2734 ltrisequicpue,
348 2667 372 2713 B
396 2684 466 2734 every
478 2673 552 2731 affort.
576 2676 744 2726 Dubitandum
753 2695 803 2728 non
811 2687 856 2739 cst,

32 2741 38 2753 ·
59 2734 118 2778 quun
130 2737 197 2782 equus
208 2727 344 2789 viris-Ep.
378 2747 425 2779 nm.
436 2733 470 2782 ix.
480 2737 613 2787 7.·-ventis
625 2742 707 2789 remis.
720 2743 762 2790 xii.
773 2743 813 2792 25.

11 2819 12 2822 ,
89 2782 101 2834 ΙΙ
108 2781 246 2836 Metrodoro.
262 2791 287 2838 A
298 2792 398 2854 disciple
406 2795 436 2842 of
443 2796 574 2859 Epicurus,
583 2806 674 2852 named
687 2807 720 2870 by
728 2807 855 2866 Laertius,

57 2855 80 2890 x·
91 2841 130 2888 23.
162 2847 202 2895 He
214 2851 269 2901 died
280 2871 352 2904 seven
362 2873 435 2920 years
447 2861 528 2910 before
539 2865 578 2914 his
589 2875 688 2920 muster.
